4540 5716
1049 496 1410 569 -l‘t-

443 715 520 789 ulla
548 738 587 787 re
614 710 790 810 superari,
819 712 1090 786 ntFritzschius
1117 710 1242 806 voluit,
1271 723 1333 785 aut
1356 722 1393 784 ut
1412 710 1559 806 Zeltius,
1587 736 1695 787 sensu
1724 714 1864 809 eodem,
1893 709 2011 785 verbis

446 821 595 918 paulum
622 817 783 913 mutatis,
811 816 871 912 qui
898 817 1040 891 virtutis
1069 814 1327 914 praestantiam
1357 826 1567 913 agnoscant.

600 952 822 1027 Sententiam
851 953 959 1025 modo
989 955 1178 1050 probatam
1215 950 1375 1024 omniurn
1412 977 1504 1026 unus
1539 953 1627 1026 vidit
1661 952 1875 1052 Giphanius,
1911 952 2012 1047 cujus

449 1059 558 1132 verba
590 1082 633 1130 eo
668 1056 785 1153 magis
823 1058 1039 1155 apponenda
1074 1058 1177 1130 nobis
1212 1081 1292 1130 esse
1329 1068 1510 1153 putamus,
1551 1083 1660 1156 quum
1694 1084 1714 1131 a
1751 1057 2011 1131 Zellio'minus

451 1174 548 1237 recte
578 1162 757 1234 intellecta
787 1183 868 1234 esse
893 1160 1090 1234 videantur.
1147 1163 1224 1234 Non
1254 1173 1375 1233 tamen
1395 1172 1507 1234 totum
1526 1162 1868 1235 commentariorum
1894 1161 2012 1234 locum

452 1266 667 1357 describam,
703 1264 763 1361 qui
800 1278 854 1338 est
887 1266 994 1362 paulo
1032 1266 1184 1361 longior,
1220 1266 1283 1337 sed
1320 1289 1362 1336 ea
1399 1277 1537 1338 tantum
1576 1292 1669 1364 qnae
1706 1292 1783 1340 rem
1820 1266 2012 1339 continent.

456 1372 586 1467 »Erga
623 1370 717 1442 dicet
744 1370 885 1466 aliquis,
921 1368 996 1442 lieri
1029 1370 1160 1466 poterit
1196 1380 1233 1441 ut
1267 1368 1418 1467 imperio
1453 1382 1618 1466 potentes
1655 1396 1724 1443 non
1761 1370 1913 1443 diversis
1947 1370 2012 1444 sed

452 1476 579 1548 iisdem
609 1474 717 1545 etiam
746 1473 870 1546 amicis
900 1484 1045 1545 utantur
1072 1476 1116 1546 ad
1146 1497 1204 1546 res
1233 1473 1406 1568 diversas,
1442 1485 1566 1547 contra
1595 1486 1702 1573 atque
1730 1477 1838 1549 modo
1870 1486 1927 1548 est
1954 1498 2013 1547 ex·

453 1578 621 1678 positum,
651 1576 817 1650 nimirum
845 1576 873 1649 si
901 1579 999 1649 viros
1028 1578 1142 1651 bonos
1164 1578 1320 1650 habeant
1342 1576 1489 1673 amicos,
1519 1603 1563 1651 ex
1586 1580 1714 1675 quibus
1733 1593 1768 1654 et
1791 1579 2012 1677 voluptatem

455 1695 492 1756 et
518 1681 707 1755 utilitatem
727 1681 872 1777 capiant
898 1677 989 1768 (ipdia
1010 1682 1044 1747 dt
1066 1691 1121 1747 καὶ
1143 1678 1299 1766 χρήσιμος
1320 1679 1390 1765 ἅμα
1413 1684 1538 1768 εἴρηται
1561 1681 1610 1749 ὅτι
1636 1684 1653 1751 ‘o
1675 1685 1857 1761 σπουδαῖος
1884 1683 2011 1756 11583

453 1787 531 1879 33).
574 1787 781 1883 Respondet
801 1782 1025 1875 Aristoteles,
1054 1780 1111 1852 vix
1132 1779 1202 1852 hoc
1230 1781 1396 1854 accidere
1424 1791 1461 1853 ut
1492 1782 1685 1856 virbonus
1714 1789 1882 1883 potestati
1913 1812 2013 1885 prae-

454 1892 526 1964 dito
553 1889 617 1962 liat
644 1888 791 1964 amicus.
848 1889 946 1961 inter
972 1885 1041 1958 hos
1057 1908 1214 1981 namque
1230 1884 1423 1959 amicitiam
1439 1885 1646 1960 coalescere
1665 1912 1736 1960 non
1756 1913 1865 1987 posse
1893 1894 2012 1987 (locus

455 1993 696 2087 difficillimus,
726 1993 883 2090 pessime
911 1991 1020 2087 vulgo
1049 1991 1238 2086 acceptus)
1266 1996 1334 2059 niet
1363 2003 1533 2085 quantam
1563 1996 1677 2061 uirum
1705 1996 1832 2062 tionum
1861 2008 2012 2091 superat

454 2104 532 2195 quis
559 2104 720 2192 imperio,
747 2110 847 2168 tituto
876 2110 909 2167 et
937 2100 1070 2167 virtute
1087 2106 1243 2187 superet.
1294 2095 1338 2165 At
1361 2093 1431 2164 ltoc
1453 2091 1699 2166 difficillimum
1722 2106 1757 2168 et
1776 2096 2012 2191 rarissimum,

454 2212 492 2273 ut
520 2200 711 2297 principes,
751 2224 821 2295 quo
850 2209 933 2273 sunt
965 2196 1043 2269 aliis
1079 2195 1228 2291 imperio
1264 2208 1299 2269 et
1334 2207 1524 2294 potestate,
1567 2209 1665 2271 tanto
1704 2211 1739 2272 et
1778 2199 1907 2274 virtute
1944 2202 2013 2276 sint

454 2305 671 2403 superiores.
731 2305 837 2377 Tales
866 2301 998 2400 (inquit
1025 2300 1237 2374 Aristoteles
1265 2298 1303 2371 οὗ
1325 2303 1434 2393 πάνυ)
1463 2301 1520 2373 vix
1549 2302 1697 2398 reperiri
1731 2304 1857 2378 solent.
1919 2308 2011 2403 Ergo

453 2433 521 2482 nec
549 2408 703 2482 amicitia
731 2408 881 2505 imperio
911 2404 1081 2503 praeditis
1109 2428 1190 2476 cam
1220 2403 1295 2476 viro
1330 2404 1423 2477 bono
1461 2406 1526 2479 nisi
1556 2406 1738 2481 rarissime
1773 2411 1944 2485 coalescit
1979 2423 2013 2485 et

453 2513 754 2610 conglutinatur«.
810 2512 900 2584 Tum
929 2508 1053 2609 paucis
1082 2508 1126 2579 de
1155 2507 1286 2604 duplici
1315 2510 1532 2604 aequalitate
1560 2510 1748 2608 disputatis
1775 2525 1888 2588 totam
1909 2542 2012 2613 argu·

454 2618 711 2690 mentationem
742 2618 787 2689 ad
816 2613 1056 2690 conclusionis
1086 2613 1238 2710 formam
1265 2613 1405 2686 reducit
1430 2614 1530 2687 hisce
1558 2615 1692 2688 verbis:

608 2754 677 2823 Udi
702 2755 804 2825 nulla
832 2755 1051 2849 aequalitas,
1079 2752 1129 2819 idi
1153 2774 1220 2819 nec
1247 2755 1416 2825 amicitia.

604 2881 653 2949 Ar
681 2882 774 2949 inter·
799 2886 981 2973 potestate
1011 2900 1074 2944 seu
1104 2878 1255 2967 imperio
1279 2879 1492 2970 praeditum
1519 2890 1554 2947 et
1581 2884 1675 2948 inter
1704 2885 1836 2952 uirtute
1859 2889 2013 2978 praedi·

453 2995 526 3054 tum
555 2983 654 3053 nulla
682 2994 735 3050 est
754 2982 969 3074 aequalitas,
996 2980 1072 3060 nisi,
1101 2982 1162 3071 qui
1179 2981 1340 3069 imperio,
1366 2982 1461 3048 idem
1480 2992 1516 3050 et
1533 2985 1666 3053 virtute
1680 2988 1836 3056 atterum
1855 3001 2010 3082 superet,

454 3090 553 3181 quod
574 3110 692 3179 genus
719 3095 772 3153 est
800 3085 1040 3153 rarissimum.

604 3211 707 3304 Ergo
735 3210 829 3277 inter
856 3207 920 3275 hos
948 3231 1017 3276 non
1045 3216 1099 3277 eat
1127 3209 1295 3277 amicitia.

454 3348 556 3436 Quae
590 3342 619 3416 si
654 3343 788 3440 legeris
821 3354 856 3416 et
887 3366 969 3414 curn
1002 3339 1104 3412 Zellii
1137 3342 1395 3415 commentario
1430 3347 1712 3442 comparaveris,
1749 3347 1888 3422 duobus
1922 3350 2012 3426 locis

452 3448 611 3548 reperies
640 3448 684 3520 ab
713 3449 850 3521 editore
877 3444 972 3515 male
1001 3442 1161 3540 intelligi.
1216 3445 1373 3518 Primum
1400 3449 1496 3545 quod
1524 3448 1659 3523 Zellius
1683 3449 1901 3548 Giphauinm
1931 3457 2014 3530 dicit
2102 3446 2108 3455 ⁹

454 3548 836 3638 verbum'tmepdxpai
870 3571 978 3623 sensu
1013 3547 1131 3620 activo
1167 3549 1365 3646 accepisse,
1401 3575 1472 3623 non
1514 3566 1610 3627 recte
1646 3554 1739 3629 dicit.
1813 3557 2013 3656 Giphanius

453 3659 547 3734 enirn
577 3676 796 3753 quamquam
825 3654 942 3726 activo
969 3651 1069 3725 verbi
1096 3675 1231 3748 genere
1260 3653 1380 3750 utitur,
1409 3667 1529 3729 tamen
1557 3659 1861 3736 constructionem
1879 3665 2013 3738 Aristo·

454 3763 534 3837 telis
564 3757 746 3859 passivam
773 3755 864 3829 bene
894 3755 996 3851 vidit,
1035 3756 1166 3829 etenim
1195 3756 1225 3829 si
1254 3757 1371 3831 activo
1399 3785 1566 3834 sermone
1602 3763 1646 3835 dc
1682 3766 1757 3838 viro
1787 3767 2011 3865 praepotenti

453 3866 622 3963 loquitur,
652 3861 745 3933 idem
774 3860 879 3955 plane
908 3860 993 3934 iacit
1023 3862 1117 3955 quod
1137 3863 1359 3956 Aristoteles,
1389 3863 1447 3959 qui
1475 3889 1591 3961 genus
1620 3868 1801 3962 passivum
1833 3874 1943 3944 refert
1967 3875 2011 3945 ad
2127 3957 2130 3964 Ι

452 3971 570 4044 virum
605 3968 750 4040 bonum.
811 3963 902 4037 Tum
931 3966 1038 4037 etiam
1068 3963 1100 4036 in
1130 3966 1200 4037 hoc
1227 3965 1362 4037 Zetlius
1390 3981 1486 4041 errat
1520 3970 1615 4065 quod
1644 3971 1861 4067 Giphauinm
1891 3977 1938 4049 ait
1967 3977 2012 4049 ad

453 4080 598 4143 τοιοῦτοι
621 4070 810 4167 supplesse
838 4072 939 4156 φίλοι.
1000 4067 1104 4156 Quod
1133 4094 1202 4140 non
1238 4069 1286 4142 ita
1319 4094 1402 4143 esse
1439 4072 1568 4147 docent
1604 4076 1712 4147 verba
1750 4101 1857 4173 supra
1892 4080 2013 4177 allata,

454 4201 547 4274 quae
576 4176 635 4273 qui
671 4183 839 4246 accurate
871 4171 1067 4267 inspexerit
1095 4196 1166 4244 non
1194 4174 1325 4271 poterit
1360 4201 1429 4247 non
1459 4176 1592 4272 videre,
1626 4183 1720 4251 tales
1748 4181 1780 4252 ei
1811 4206 1891 4257 esse
1921 4185 2012 4281 prin-

453 4283 552 4379 cipes
579 4279 639 4377 qui
668 4280 799 4351 virtute
827 4287 862 4349 et
890 4275 1049 4372 potentia
1076 4276 1147 4352 sint
1175 4278 1391 4374 superiores.

602 4419 683 4490 Jam
711 4411 913 4489 Aristotelis
941 4416 1119 4488 sententia
1147 4439 1191 4487 ex
1221 4439 1342 4487 rerum
1371 4428 1498 4489 natura
1526 4429 1560 4490 et
1580 4419 1772 4494 verborum
1796 4424 2013 4519 proprietate

453 4522 654 4620 ponderata
683 4532 791 4616 atque
819 4516 997 4612 explicata
1026 4519 1135 4591 finem
1170 4518 1306 4617 possim
1335 4521 1454 4593 lacere
1489 4521 1595 4619 hujus
1628 4526 1864 4623 quaestionis,
1902 4555 2011 4625 quum

452 4640 573 4701 tamen
602 4634 638 4697 et
664 4648 722 4697 res
754 4645 884 4719 perse
913 4622 958 4694 sit
990 4622 1194 4719 cognitione
1228 4623 1349 4720 digna,
1384 4623 1578 4698 amicitiam
1613 4628 1690 4700 dico
1726 4630 1941 4729 principum,
1978 4646 2014 4709 et

448 4742 549 4805 tanta
581 4725 884 4824 interpretationis
914 4726 1104 4801 diversitas
1133 4727 1392 4826 doctorumque
1431 4728 1588 4803 virorum
1626 4733 1684 4804 vel
1721 4758 1920 4812 consensus
1956 4740 2012 4812 vel
