4540 5716
1059 490 1397 561 ,6-

444 706 695 785 contineantur
721 725 946 801 quaecunque
973 703 1033 777 vel
1060 715 1203 778 veteres
1230 704 1290 776 vel
1316 703 1536 778 recentiores
1564 703 1769 778 attulerunt.
1836 680 2014 806 Aspaisius

443 825 567 889 autem
600 810 649 882 ita
682 806 781 880 dicit:
826 813 1044 905 ὑπερέχοντος
1065 812 1103 884 οὔ
1133 823 1260 900 γίνεται
1287 818 1383 903 φίλος
1412 814 1430 884 ὅ
1460 818 1655 898 σπουδαῖος,
1683 814 1726 885 ἂν
1758 820 1802 906 μὴ
1830 830 1886 888 καὶ
1912 818 2013 916 dpecp

442 924 640 1015 ὕπερέχηται
663 917 681 990 ὃ
702 913 921 1008 inspexero
942 923 1051 985 κατὰ
1071 918 1143 1006 τὴν
1164 919 1347 1002 δύναμιν
1370 968 1377 983 .
1400 919 1453 986 δεῖ
1478 919 1513 986 δὲ
1542 917 1645 995 οὕτως
1673 914 1809 988 ἀκούειν
1832 924 1893 990 τοῦ
1914 918 2013 1012 ὕπερ-

443 1033 584 1113 έχεσθαι
606 1024 665 1092 τὸν
686 1018 849 1107 δυνάστην
879 1017 988 1085 ὥστε
1017 1029 1086 1087 καὶ
1115 1021 1276 1087 εἰδέναι
1305 1027 1375 1086 καὶ
1403 1021 1511 1101 ἔχειν
1537 1021 1639 1109 πρὸς
1664 1020 1739 1089 τὸν
1766 1024 2013 1092 σπουδαῖον

445 1128 494 1207 ὡς
515 1128 615 1216 πρὸς
636 1129 861 1212 κρείττονα
883 1171 891 1188 .
913 1119 999 1188 οὕτω
1026 1122 1085 1210 γὰρ
1114 1123 1209 1189 ἔσται
1238 1117 1257 1209 ἣ
1289 1126 1360 1187 κατ’
1391 1116 1574 1204 ἀναλογίαν
1602 1120 1725 1208 ἰσότης,
1752 1119 1796 1190 ἂν
1823 1127 1932 1212 οἴηται
1952 1133 2014 1210 μὲν

445 1228 578 1317 πλούτῳ
599 1236 654 1293 καὶ
683 1220 823 1308 δυνάμει
849 1217 1036 1310 inspexere,
1067 1219 1235 1308 θαυμάζοι
1265 1223 1300 1289 δὲ
1331 1223 1393 1289 τὸν
1421 1218 1554 1304 ἀγαθὸν
1584 1218 1627 1298 ὣς
1656 1228 1727 1290 κατ’
1755 1220 1873 1314 ἀρετὴν
1909 1223 2013 1296 αὐτοῦ

448 1335 664 1422 διαφέροντα.
730 1332 899 1406 Extrema
933 1330 1042 1404 etiarn
1076 1330 1285 1406 concinnius
1320 1331 1486 1405 dicuntur
1521 1331 1734 1429 paraphrasi
1766 1334 1877 1408 latina
1905 1340 2045 1433 quam'

447 1447 540 1520 Dan.
569 1435 740 1511 Heinsius
767 1435 944 1509 edendam
973 1435 1123 1532 curavit,
1161 1436 1263 1535 cujus
1292 1435 1402 1508 verba
1429 1435 1525 1510 hoec:
1560 1435 1613 1509 lta
1648 1438 1805 1533 aequabit
1837 1463 1920 1512 enm
1954 1439 2014 1537 qui

447 1545 620 1645 dignitate
658 1539 831 1638 praecellit
865 1537 920 1610 vir
954 1538 1082 1635 bonus,
1119 1539 1162 1634 si,
1203 1539 1508 1637 quemadmodum
1544 1540 1706 1636 postulat
1737 1543 1936 1641 proportio,
1980 1557 2013 1616 et

445 1659 597 1746 superat
625 1658 659 1716 et
683 1656 892 1740 superatur.
956 1642 1046 1715 llaec
1080 1643 1262 1716 luculente
1296 1666 1385 1716 sane
1417 1644 1584 1717 videntur
1618 1645 1833 1744 explanata,
1870 1647 2011 1744 utrique

447 1753 542 1832 enim
569 1748 606 1821 id
633 1745 730 1845 quod
758 1746 872 1841 deest,
905 1745 983 1818 sive
1011 1746 1058 1819 ad
1085 1746 1267 1843 virtutem,
1295 1747 1372 1820 sive
1401 1748 1446 1821 ad
1480 1746 1690 1846 potentiam,
1725 1750 1874 1825 alterius
1902 1751 2013 1825 abun·

446 1854 568 1935 dantia
596 1860 864 1948 compensatur.
916 1856 962 1923 At
988 1850 1145 1947 primum
1174 1873 1337 1949 quaerere
1355 1850 1451 1946 licet,
1478 1877 1550 1949 qno
1568 1851 1645 1951 jure
1663 1854 1852 1952 Aspasius,
1880 1854 2013 1953 quique
2129 1870 2135 1879 ·

447 1985 531 2039 eum
559 1965 770 2054 sequuntur,
798 1950 1000 2048 subjectum
1026 1954 1207 2028 enunciati
1234 1955 1441 2049 mutaverit,
1477 1956 1526 2029 ita
1554 1967 1592 2028 ut
1626 1955 1671 2028 ad
1706 1950 1902 2047 inaptxqwi
1931 1959 2014 2032 sub·

449 2062 671 2143 audiendum
698 2081 781 2131 esse
808 2056 947 2130 dicatur
974 2055 992 2127 d
1014 2054 1184 2147 inspexere
1205 2060 1291 2125 ruod
1311 2060 1371 2145 τὴν
1392 2056 1548 2144 δύναμιν,
1571 2082 1681 2156 quum
1705 2072 1826 2134 lamen
1850 2058 2012 2160 quisquis

449 2163 652 2248 Aristotelis
692 2162 802 2235 verba
841 2158 971 2258 legerit
1002 2181 1072 2230 non
1108 2155 1224 2253 possit
1263 2156 1349 2254 quin
1386 2157 1430 2230 de
1466 2158 1543 2232 viro
1585 2162 1680 2237 bono
1709 2162 1926 2248 (barrotano)
1953 2166 2012 2263 agi

450 2281 607 2352 censeat.
663 2263 837 2367 Quamvis
866 2263 962 2337 enirn
986 2262 1031 2335 sit
1056 2260 1169 2337 libera
1196 2273 1232 2333 et
1264 2259 1406 2334 mobilis
1433 2264 1541 2358 graeci
1569 2266 1749 2340 sermonis
1776 2273 2013 2365 consuetudo,

449 2393 571 2455 tamen
606 2369 763 2443 licentiae
799 2379 855 2442 est
890 2367 1038 2461 modus,
1082 2387 1199 2461 neque
1235 2376 1297 2438 aut
1339 2364 1385 2437 ad
1428 2370 1730 2444 constructionem
1775 2393 1885 2467 quarn
1928 2380 2013 2443 κατὰ

450 2485 586 2553 σύνεσιν
614 2474 746 2566 dicunt,
774 2483 836 2545 ant
863 2469 910 2545 ad
936 2467 1232 2566 braobyologiam
1260 2468 1318 2541 bic
1345 2469 1597 2566 refugiendum
1625 2486 1692 2571 est,
1720 2473 1822 2572 cujus
1846 2474 2015 2571 exempla

449 2584 641 2659 Konnerus
668 2599 822 2674 gratnm.
852 2597 959 2671 graec.
993 2574 1022 2670 q.
1051 2573 1125 2646 752
1163 2573 1276 2646 multa
1312 2584 1348 2645 et
1384 2573 1483 2647 varia
1520 2577 1646 2651 attulit.
1712 2577 1805 2651 Turn
1847 2575 1928 2650 vide
1969 2601 2014 2651 ne

450 2686 643 2763 verborum
671 2680 760 2753 ordo
789 2679 895 2755 istam
923 2676 1257 2775 interpretationem
1285 2675 1464 2750 excludat.
1526 2679 1804 2756 Demonstratur
1833 2681 1941 2776 enirn,
1978 2693 2016 2754 ut

450 2792 616 2880 vidimus,
656 2784 701 2858 ad
729 2783 974 2880 aequalitatem
1002 2780 1263 2854 conficiendam
1296 2792 1487 2878 utrumque
1521 2797 1687 2882 oportere
1714 2798 1751 2861 et
1777 2808 1951 2882 superare
1979 2799 2015 2860 et

451 2889 627 2995 superari,
658 2910 832 2985 superare
859 2886 1057 2984 principem
1083 2896 1274 2982 potestate,
1305 2885 1467 2983 superari
1496 2887 1638 2984 virtute,
1666 2914 1709 2963 ac
1738 2890 1852 2962 sirum
1880 2889 2014 2963 bonum

451 2995 608 3074 vicissim
627 2991 852 3090 superiorem
871 3014 954 3066 esse
977 2989 1120 3084 virtute,
1149 2987 1355 3061 inferiorem
1381 3000 1574 3088 potestate,
1602 2995 1712 3090 quod,
1740 2992 1876 3090 siquid
1895 2991 2014 3087 video,

473 3131 513 3180 ro
548 3121 668 3173 rerum
704 3095 843 3169 ratione
875 3094 928 3168 sic
961 3102 1041 3169 erat
1072 3114 1191 3189 graece
1228 3091 1433 3165 dicendum:
1476 3094 1520 3163 ἂν
1540 3097 1584 3183 μὴ
1605 3108 1660 3165 καὶ
1682 3096 1881 3188 ὕπερέχηιαι
1904 3120 1955 3169 sc.
1976 3099 2014 3193 τῇ

450 3212 557 3302 αρετῇ.
609 3202 702 3275 Nam
730 3197 942 3272 adverbium
968 3208 1023 3265 και
1052 3195 1214 3293 proxime
1242 3195 1433 3270 antecedat
1451 3207 1593 3295 oportet
1610 3220 1692 3272 eam
1715 3223 1842 3273 rorem
1861 3222 1932 3296 qua
1959 3198 2014 3272 vis

452 3306 625 3382 orationis
649 3302 861 3378 continetur.
914 3303 1017 3377 Nunc
1043 3299 1253 3374 Aristoteles
1283 3324 1352 3372 non
1381 3301 1428 3372 ad
1455 3299 1603 3373 verbum
1629 3298 1826 3392 ἑνπερίχιμαι
1848 3303 2016 3376 voculam

452 3428 507 3485 καὶ
536 3408 677 3507 adjecit,
705 3407 769 3481 sed
801 3407 848 3480 ad
880 3401 997 3499 iperii,-
1031 3427 1162 3501 nempe
1203 3414 1241 3477 ut
1279 3415 1426 3477 moneat
1461 3404 1497 3476 in
1537 3403 1679 3498 virtute,
1716 3427 1796 3501 quae
1824 3407 2016 3505 opponitur

453 3513 620 3617 potestati
649 3512 841 3591 (ἐξουσίαις)
868 3507 913 3583 ab
943 3532 1057 3604 eaque
1086 3506 1327 3605 distinguitur,
1355 3506 1539 3581 cardinem
1556 3507 1706 3604 versari,
1737 3533 1809 3582 non
1828 3509 1863 3582 in
1882 3534 2015 3607 genere

453 3618 602 3699 verbali.

604 3780 655 3847 Ao
683 3773 728 3847 de
755 3766 992 3870 grammatica
1021 3767 1165 3864 quidem
1193 3768 1380 3841 hactenus.
1428 3768 1552 3861 llere,
1578 3781 1803 3843 necesseest
1825 3769 2015 3869 diligenter

454 3880 684 3959 attendamus
712 3899 823 3975 quam
849 3875 1004 3947 formam
1033 3871 1199 3946 amicitiae
1227 3870 1378 3968 intelligi
1408 3872 1491 3944 velit
1524 3871 1776 3970 philosophus,
1811 3898 1868 3970 ne,
1905 3901 2014 3974 quum

453 3988 501 4065 sit
527 3982 693 4060 amicitiae
720 3980 861 4077 species
891 3977 1089 4074 multiplex,
1118 3975 1314 4074 pugnantia
1342 3974 1439 4071 loqui
1470 3974 1644 4049 videatur.
1696 3975 1789 4052 Sunt
1805 3978 1913 4077 igitur
1930 3982 2017 4053 arni-

454 4091 545 4166 oitiae
572 4087 728 4187 primum
756 4082 908 4154 diversae
936 4103 999 4176 pro
1020 4092 1147 4153 natura
1164 4102 1287 4152 rerum
1311 4077 1530 4175 amabilium,
1559 4102 1639 4176 quae
1657 4091 1712 4154 est
1731 4081 1858 4157 divisio
1877 4083 2014 4182 reliqua

456 4192 576 4268 omnia
605 4187 863 4286 complectens
899 4196 975 4257 turn
1008 4206 1092 4255 vero
1121 4194 1221 4277 aetas,
1259 4184 1342 4257 vitae
1378 4180 1546 4278 conditio,
1580 4181 1782 4279 conjunctio
1817 4187 2016 4285 sanguinis,

455 4322 576 4373 rerum
616 4305 690 4367 tam
732 4288 958 4389 publicarum
1003 4310 1113 4384 quam
1154 4287 1374 4385 privatarum
1416 4299 1451 4360 et
1496 4288 1726 4362 familiarium
1774 4292 2017 4388 necessitudo,

456 4412 640 4503 postremo
669 4392 811 4493 negotia
841 4392 876 4465 in
905 4392 1012 4467 rebus
1041 4391 1293 4465 contrahendis
1312 4391 1590 4487 communicata,
1618 4393 1677 4466 vel
1697 4394 1952 4491 periculorum,
1981 4409 2020 4472 ut

455 4505 539 4581 belli
574 4513 637 4577 aut
667 4497 919 4596 nauigationis,
956 4496 1136 4570 consortio
1172 4494 1316 4593 pariunt
1352 4495 1540 4592 amicitias,
1581 4497 1700 4571 varias
1736 4497 1816 4573 illas
1856 4500 2016 4597 quidem,

458 4609 644 4711 pretioque
672 4617 708 4679 et
735 4599 995 4699 longinquitate
1023 4601 1174 4673 multum
1202 4599 1294 4673 inter
1321 4623 1361 4673 se
1388 4600 1594 4695 dissimiles,
1631 4624 1712 4698 quae
1739 4613 1861 4677 tamen
1890 4629 2017 4679 omnes

457 4738 529 4790 uno
547 4709 713 4786 amicitiae
730 4706 874 4781 nomine
893 4704 1258 4802 comprehenduntur.
1298 4701 1508 4800 Ubicunque
1526 4703 1622 4777 enim
1642 4717 1767 4780 mutua
1785 4720 1842 4782 est
1857 4708 2016 4783 benevo-
