4540 5716
487 722 692 811 declarans,
712 739 783 815 qua
802 739 885 789 eum
903 714 1064 787 illuserat
1080 713 1229 804 (nuda
1246 713 1323 803 la).
1361 710 1445 782 lam
1464 731 1549 780 vero
1569 732 1639 782 non
1659 735 1831 812 quaeram,
1844 716 1973 793 fidicen
1991 722 2052 794 ille

490 849 576 899 num
606 821 715 896 luerit
739 819 793 891 vir
827 820 956 915 bonus,
994 818 1138 916 qualem
1170 815 1383 891 Aristoteles
1416 815 1546 890 dixerit
1572 825 1771 903 σπουδαῖον,
1809 833 1871 895 aut
1904 826 2050 899 omnino

487 929 602 1028 possit
636 924 792 1000 amicitia
833 933 929 997 recte
968 922 1142 1018 appellari
1181 919 1407 1011 histrionum,
1448 921 1674 1014 saltatorum,
1716 924 1935 1022 reliquorum
1972 931 2049 1027 ejus

486 1031 630 1133 generis
658 1053 741 1103 cum
768 1027 913 1125 regibus
941 1038 978 1100 et
995 1025 1213 1122 principibus
1231 1026 1386 1097 societas
1406 1026 1629 1099 mercenaria
1657 1031 1896 1126 (quamquam
1914 1034 2050 1107 Aristo·

483 1137 594 1211 telem
623 1136 760 1232 possim
790 1131 962 1207 adbibere
990 1133 1152 1224 testem),
1191 1128 1257 1202 sed
1285 1127 1442 1202 Platonis
1476 1140 1597 1203 tamen
1636 1131 1716 1228 quis
1751 1135 1941 1229 negaverit
1964 1161 2048 1211 cum

489 1240 658 1335 Dionysio
687 1238 825 1310 minore
853 1233 1141 1330 conjunctionem
1170 1233 1282 1307 luisse
1310 1231 1517 1325 amicitiam,
1556 1246 1619 1308 aut
1653 1258 1735 1308 cum
1769 1238 1926 1312 Hierone
1959 1265 2047 1339 rege

485 1343 692 1434 Simonidis,
726 1339 906 1434 Aeschyli,
947 1336 1102 1433 Pindari,
1139 1347 1199 1410 aut
1236 1336 1414 1433 Euripidis
1449 1360 1531 1411 cum
1568 1340 1772 1413 Archelao?
1818 1342 1898 1435 Qui,
1935 1369 2045 1441 quum

484 1448 628 1547 ingenio
657 1459 692 1519 et
719 1446 850 1518 virtute
878 1454 1103 1541 praestarent,
1141 1466 1213 1515 non
1247 1440 1458 1514 dubitabant
1490 1443 1535 1515 ad
1574 1466 1701 1540 regum
1738 1455 2045 1545 tyrannorumque

483 1553 612 1651 opibus
639 1564 675 1624 et
704 1549 862 1647 potentia
891 1546 1084 1619 valentium
1113 1545 1307 1618 amicitiam
1336 1568 1376 1618 sc
1405 1547 1582 1641 conferre,
1611 1559 1647 1620 et
1666 1550 1803 1622 bonore
1821 1552 2046 1627 muneribus·

483 1680 553 1756 que
572 1654 665 1728 aucti
684 1654 765 1726 illos
793 1649 982 1750 sapientia,
1011 1649 1174 1741 consilio,
1204 1648 1392 1746 praeceptis
1420 1650 1604 1745 adjuvare,
1634 1653 1691 1726 vel
1710 1654 1926 1729 carminibus
1950 1659 2045 1730 cele·

484 1764 588 1834 brare
616 1770 652 1832 et
679 1756 852 1853 obsequio
883 1754 1062 1852 prosequi.
1115 1753 1218 1828 Adde
1246 1752 1430 1847 Horatios,
1460 1756 1641 1850 Marones,
1670 1755 1763 1830 adde
1790 1769 1843 1831 tot
1867 1760 2042 1858 cujusque

481 1863 568 1938 artis
596 1864 714 1937 claros
741 1862 840 1934 viros
868 1858 929 1957 qui
957 1857 1122 1930 omnibus
1149 1857 1371 1954 temporibus
1400 1858 1434 1930 in
1463 1883 1678 1956 magnorum
1707 1873 1742 1934 ct
1766 1865 2040 1959 prtepotentium

480 1966 760 2042 familiaritatem
790 1963 925 2062 recepti
953 1979 1046 2037 sunt.
1098 1962 1192 2036 Num
1221 1985 1347 2035 omnes
1373 1962 1484 2036 luisse
1503 1963 1636 2038 dixeris
1655 1989 1675 2037 e
1695 1965 1754 2038 vili
1774 1979 2041 2042 assentatorum

478 2095 603 2171 grege,
643 2071 836 2168 parasitos,
871 2091 1028 2160 scurras,
1064 2089 1131 2138 nec
1166 2090 1386 2164 quemquam
1420 2067 1480 2164 qui
1519 2067 1601 2141 boni
1634 2068 1701 2140 viri
1736 2070 1879 2144 nomine
1912 2075 2039 2146 merito

478 2177 705 2274 appelletur?
749 2173 855 2271 Atqui
889 2171 926 2244 bi
964 2171 1107 2267 quidem
1144 2170 1345 2262 voluntarii,
1385 2172 1481 2245 nulla
1518 2173 1733 2247 necessitate
1768 2176 1894 2271 coacti,
1942 2179 2039 2250 nullo

476 2291 630 2354 vocante
658 2277 791 2371 officio,
818 2274 995 2350 amicitias
1024 2274 1222 2371 potentium
1249 2274 1433 2371 colebant,
1462 2275 1546 2374 quid
1566 2277 1662 2375 quod
1679 2278 1714 2350 in
1736 2280 1857 2376 regnis
1879 2280 2038 2354 virorum

475 2385 695 2482 optimorum
723 2405 805 2455 cum
833 2380 978 2477 regibus
1006 2377 1093 2475 ipsis
1120 2379 1314 2451 multorum
1349 2378 1549 2452 officiorum
1587 2394 1642 2455 est
1669 2381 1793 2457 intima
1822 2382 2037 2484 conjunctio,

475 2501 514 2562 ut
540 2488 650 2561 etiam
680 2498 833 2559 mortem
858 2508 925 2582 pro
953 2505 1081 2579 regum
1108 2482 1225 2555 salute
1243 2494 1417 2580 oppetere
1435 2485 1560 2557 velint!
1588 2486 1791 2560 Amicitiam
1814 2501 1935 2563 autem
1955 2515 2037 2566 esse

473 2594 585 2666 talem
612 2590 814 2663 officiorum
853 2613 896 2661 ac
927 2586 1183 2660 beneficiorum
1220 2586 1312 2660 ultro
1349 2587 1511 2684 citroque
1547 2589 1712 2664 datorum
1740 2603 1777 2664 et
1804 2607 2035 2692 acceptorum

470 2698 682 2771 societatem
710 2694 920 2767 Aristoteles
940 2689 1097 2764 affirmat
1115 2692 1170 2764 bis
1191 2692 1265 2763 fere
1283 2691 1419 2765 verbis:
1448 2692 1486 2767 ln
1508 2718 1721 2792 unaquaque
1740 2695 1892 2772 civitatis
1919 2701 2035 2773 forma

471 2800 627 2874 amicitia
655 2811 731 2872 tarn
758 2798 831 2871 late
859 2807 958 2892 patet
987 2818 1096 2892 quam
1123 2794 1270 2893 justitia.
1332 2796 1421 2893 Regi
1450 2796 1558 2894 igitur
1585 2799 1620 2871 in
1648 2798 1746 2873 cives
1773 2800 1924 2899 imperio
1952 2806 2036 2878 sub·

355 2939 359 2946 ·
470 2905 585 3005 jectos
613 2901 768 2976 amicitia
796 2914 852 2975 est
879 2898 1136 2974 beneficiorum
1169 2898 1390 2974 abnndantia
1426 2900 1596 2997 insignis,
1633 2928 1758 2977 curam
1792 2905 1889 2979 enim
1922 2909 2034 2982 babet

469 3033 609 3103 eorum,
647 3018 687 3080 ut
713 3006 803 3080 salvi
831 3004 903 3079 sint
929 3017 965 3078 et
998 3004 1092 3077 bene
1125 3027 1166 3078 se
1193 3004 1364 3100 habeant,
1399 3016 1574 3102 tanquam
1609 3020 1734 3105 pastor
1767 3009 1900 3092 ovium,
1938 3015 2032 3087 unde

468 3113 578 3187 etiam
611 3112 793 3185 Homerus
824 3111 1134 3206 Agamemnonem
1169 3108 1328 3205 appellat
1369 3106 1593 3205 pastorem.¹)
1645 3112 1784 3186 Rursus
1824 3114 1955 3189 civium
1996 3118 2030 3190 in

470 3239 576 3313 reges
610 3214 768 3289 amicitia
802 3212 1000 3287 ministerio
1036 3223 1073 3285 et
1105 3211 1279 3308 obsequio
1313 3213 1581 3308 comprobatur,
1621 3215 1770 3313 regique
1802 3218 2030 3294 tribuendum

467 3322 565 3418 quod
593 3321 706 3418 patri,
736 3342 820 3392 nam
848 3318 961 3415 regia,
988 3315 1114 3415 inquit,
1143 3328 1305 3412 potestas
1324 3329 1483 3413 paternae
1501 3318 1611 3393 habet
1631 3319 2030 3419 similitudinem3²)'ac

466 3423 611 3523 quando
635 3422 739 3497 liberi
774 3422 981 3520 parentibus
1015 3421 1136 3494 debita
1169 3421 1342 3518 praebent,
1376 3421 1498 3494 liberis
1526 3421 1649 3497 itidem
1675 3437 1859 3523 parentes,
1892 3429 2030 3505 stabilis

466 3528 535 3602 erit
562 3527 719 3603 amicitia
746 3539 783 3602 at
810 3521 967 3624 proba.⁸)
1023 3525 1195 3623 Ejusdem
1220 3526 1365 3621 generis
1393 3549 1474 3600 esse
1507 3540 1742 3622 patronorum
1775 3544 1811 3605 et
1843 3532 2028 3610 clientium

465 3632 689 3727 societatem,
733 3654 813 3729 qum
848 3630 943 3727 apud
983 3630 1166 3703 Romanos
1200 3640 1275 3703 tam
1311 3629 1384 3703 late
1422 3632 1582 3726 patebat,
1620 3632 1710 3706 ratio
1746 3635 1863 3732 docet,
1903 3638 1953 3712 ita
1990 3651 2028 3716 ut

465 3737 632 3836 exempla
658 3735 824 3810 amicitiae
852 3734 943 3807 inter
970 3733 1085 3806 bonos
1113 3733 1210 3808 viros
1238 3746 1274 3808 et
1301 3745 1465 3830 potentes
1492 3747 1687 3811 contractae
1715 3740 1811 3812 haud
1831 3740 2026 3817 admodum

464 3865 560 3936 rara,
587 3842 698 3915 immo
724 3840 914 3913 innumera
941 3861 1023 3912 esse
1049 3837 1251 3912 videantur.

471 4012 660 4019 ...ψη-,1-
735 4011 871 4019 ...—

615 4102 649 4175 l)
675 4101 779 4162 tlbla
804 4101 852 4162 lt).
874 4100 952 4163 καθ’
972 4093 1112 4182 ἑκάστην
1134 4096 1167 4163 dt
1189 4098 1258 4162 τῶν
1283 4096 1462 4163 πολιτειῶν
1488 4083 1586 4185 φιλία
1607 4106 1765 4185 φαίνεται
1786 4103 1840 4191 ἐφ’
1866 4104 1948 4174 ὅσον
1970 4119 2025 4177 καὶ

459 4199 498 4266 τὸ
521 4200 663 4282 δίκαιον,
692 4202 825 4286 βασιλεῖ
842 4207 904 4284 μὲν
924 4202 1007 4289 πρὸς
1026 4202 1102 4277 τοὺς
1122 4202 1396 4286 βασιλευομένους
1416 4201 1452 4270 ἐν
1474 4196 1619 4299 ὑπεροχῇ
1644 4202 1831 4293 εὐεργεσίας
1860 4236 1869 4255 ·
1900 4209 1936 4280 cai
1965 4216 2024 4306 γὰρ

459 4316 554 4373 ποιεῖ
572 4309 647 4383 τοὺς
666 4308 951 4394 βασιλευομένους,
981 4311 1074 4396 εἰπερ
1095 4302 1225 4389 ἀγαθὸς
1246 4303 1293 4374 ὢν
1313 4307 1520 4393 ἐπιμελεῖται
1539 4306 1668 4392 αὐτῶν,
1698 4317 1740 4381 lb’
1761 4310 1798 4382 cal
1820 4316 2023 4405 πράττωσιν,

459 4409 573 4501 ὥσπερ
595 4412 713 4498 νομεὺς
734 4408 911 4501 προβάτων
933 4437 941 4456 ·
964 4410 1048 4480 ὅθεν
1069 4420 1125 4480 καὶ
1139 4410 1288 4502 Ὅμηρος
1308 4414 1368 4481 τὸν
1383 4410 1614 4500 Ἀγαμέμνονα
1636 4423 1781 4504 ποιμένα
1802 4422 1894 4492 λαῶν
1916 4429 2022 4499 εἶπεν.

608 4535 647 4610 λ)
674 4536 779 4599 lldllb
801 4537 852 4601 lb.
873 4531 1015 4620 πατρικῆ
1035 4531 1094 4621 γὰρ
1116 4528 1197 4622 ἀρχὴ
1217 4531 1371 4620 βούλεται
1399 4530 1418 4622 ἦ
1439 4538 1593 4621 βασιλεία
1614 4540 1712 4608 elren.

608 4651 644 4727 3)
671 4652 849 4716 1158121.
878 4647 960 4718 ὃταν
988 4650 1023 4718 δὲ
1048 4656 1183 4733 γονεῦσι
1212 4659 1275 4736 μὲν
1300 4656 1399 4721 τέκνα
1427 4648 1578 4752 ἀπονέμῃ
1605 4654 1627 4724 ἃ
1654 4659 1707 4726 del
1732 4667 1801 4738 τοῖς
1829 4664 2020 4754 γεννήσασι,

458 4759 564 4832 γονεῖς
585 4752 620 4820 δὲ
642 4750 728 4819 olent
749 4751 773 4819 d
794 4755 848 4821 δεῖ
865 4764 933 4832 τοῖς
953 4759 1089 4836 τέκνοις,
1109 4752 1248 4842 μόνιμος
1268 4752 1288 4845 ἣ
1308 4755 1468 4827 τοιούτων
1489 4769 1544 4828 nul
1565 4761 1708 4851 ἐπιεικὴς
1728 4766 1823 4835 ἔσται
1845 4773 1950 4858 φιλία.
