<?xml version="1.0" encoding="UTF-8"?>
<!DOCTYPE html PUBLIC "-//W3C//DTD XHTML 1.0 Transitional//EN"
    "http://www.w3.org/TR/xhtml1/DTD/xhtml1-transitional.dtd">
<html xmlns="http://www.w3.org/1999/xhtml" xml:lang="en" lang="en">
 <head>
  <title>
</title>
<meta http-equiv="Content-Type" content="text/html;charset=utf-8" />
  <meta name='ocr-system' content='tesseract 3.04.00' />
  <meta name='ocr-capabilities' content='ocr_page ocr_carea ocr_par ocr_line ocrx_word'/>
</head>
<body>
  <div class='ocr_page' id='page_1' title='image "./deamicitiaprinc00breigoog_0016.png"; bbox 0 0 4540 5716; ppageno 0'>
   <div class='ocr_carea' id='block_1_1' title="bbox 875 516 1232 589">
    <p class='ocr_par' dir='ltr' id='par_1_1' title="bbox 875 516 1232 589">
     <span class='ocr_line' id='line_1_1' title="bbox 875 516 1232 589; baseline 0.006 -21"><span class='ocrx_word' id='word_1_1' title='bbox 875 516 1232 589; x_wconf 74' lang='lat'><strong>-13-.</strong></span> 
     </span>
    </p>
   </div>
   <div class='ocr_carea' id='block_1_2' title="bbox 266 727 1838 4543">
    <p class='ocr_par' dir='ltr' id='par_1_2' title="bbox 266 727 1838 4543">
     <span class='ocr_line' id='line_1_2' title="bbox 279 727 1836 824; baseline -0.003 -20"><span class='ocrx_word' id='word_1_2' title='bbox 279 729 456 805; x_wconf 80' lang='lat' dir='ltr'>dissensio</span> <span class='ocrx_word' id='word_1_3' title='bbox 492 727 652 802; x_wconf 89' lang='lat' dir='ltr'>maxime</span> <span class='ocrx_word' id='word_1_4' title='bbox 685 727 942 822; x_wconf 90' lang='lat' dir='ltr'>memorabilis,</span> <span class='ocrx_word' id='word_1_5' title='bbox 979 729 1075 802; x_wconf 92' lang='lat' dir='ltr'>baud</span> <span class='ocrx_word' id='word_1_6' title='bbox 1109 729 1267 802; x_wconf 89' lang='lat' dir='ltr'>alienum</span> <span class='ocrx_word' id='word_1_7' title='bbox 1295 752 1377 803; x_wconf 90' lang='lat' dir='ltr'>esse</span> <span class='ocrx_word' id='word_1_8' title='bbox 1411 729 1550 804; x_wconf 90' lang='lat' dir='ltr'>videtur</span> <span class='ocrx_word' id='word_1_9' title='bbox 1585 727 1655 800; x_wconf 91' lang='lat' dir='ltr'>alia</span> <span class='ocrx_word' id='word_1_10' title='bbox 1693 749 1836 824; x_wconf 89' lang='lat' dir='ltr'>quoque</span> 
     </span>
     <span class='ocr_line' id='line_1_3' title="bbox 276 830 1836 930; baseline -0.006 -21"><span class='ocrx_word' id='word_1_11' title='bbox 276 834 482 909; x_wconf 86' lang='lat' dir='ltr'>testimonia</span> <span class='ocrx_word' id='word_1_12' title='bbox 509 832 799 930; x_wconf 68' lang='lat' dir='ltr'>circumspicere,</span> <span class='ocrx_word' id='word_1_13' title='bbox 828 832 954 930; x_wconf 91' lang='lat' dir='ltr'>quibus</span> <span class='ocrx_word' id='word_1_14' title='bbox 984 833 1188 930; x_wconf 83' lang='lat' dir='ltr'>philosophi</span> <span class='ocrx_word' id='word_1_15' title='bbox 1216 832 1338 926; x_wconf 88' lang='lat' dir='ltr'>verba,</span> <span class='ocrx_word' id='word_1_16' title='bbox 1367 833 1577 908; x_wconf 88' lang='lat' dir='ltr'>brevissima</span> <span class='ocrx_word' id='word_1_17' title='bbox 1605 833 1664 904; x_wconf 92' lang='lat' dir='ltr'>illa</span> <span class='ocrx_word' id='word_1_18' title='bbox 1692 830 1836 927; x_wconf 91' lang='lat' dir='ltr'>quidem</span> 
     </span>
     <span class='ocr_line' id='line_1_4' title="bbox 276 935 1835 1036; baseline -0.003 -25"><span class='ocrx_word' id='word_1_19' title='bbox 276 964 343 1011; x_wconf 92' lang='lat' dir='ltr'>nec</span> <span class='ocrx_word' id='word_1_20' title='bbox 371 937 485 1036; x_wconf 91' lang='lat' dir='ltr'>primo</span> <span class='ocrx_word' id='word_1_21' title='bbox 515 938 639 1010; x_wconf 89' lang='lat' dir='ltr'>obtutu</span> <span class='ocrx_word' id='word_1_22' title='bbox 675 936 876 1035; x_wconf 89' lang='lat' dir='ltr'>perspicua,</span> <span class='ocrx_word' id='word_1_23' title='bbox 912 937 1143 1013; x_wconf 77' lang='lat' dir='ltr'>illustrentur.</span> <span class='ocrx_word' id='word_1_24' title='bbox 1203 940 1255 1011; x_wconf 88' lang='lat' dir='ltr'>Ac</span> <span class='ocrx_word' id='word_1_25' title='bbox 1289 937 1471 1012; x_wconf 82' lang='lat' dir='ltr'>Ciceronis</span> <span class='ocrx_word' id='word_1_26' title='bbox 1511 937 1656 1035; x_wconf 91' lang='lat' dir='ltr'>quidem</span> <span class='ocrx_word' id='word_1_27' title='bbox 1692 935 1835 1026; x_wconf 80' lang='lat' dir='ltr'>Laelius,</span> 
     </span>
     <span class='ocr_line' id='line_1_5' title="bbox 277 1039 1834 1140; baseline -0.004 -26"><span class='ocrx_word' id='word_1_28' title='bbox 277 1066 497 1140; x_wconf 92' lang='lat' dir='ltr'>quamquam</span> <span class='ocrx_word' id='word_1_29' title='bbox 535 1040 758 1138; x_wconf 88' lang='lat' dir='ltr'>gravissimis</span> <span class='ocrx_word' id='word_1_30' title='bbox 793 1041 1115 1138; x_wconf 85' lang='lat' dir='ltr'>pulcherrimisque</span> <span class='ocrx_word' id='word_1_31' title='bbox 1152 1041 1339 1115; x_wconf 74' lang='lat' dir='ltr'>sententiis</span> <span class='ocrx_word' id='word_1_32' title='bbox 1378 1041 1548 1136; x_wconf 76' lang='lat' dir='ltr'>abundat,</span> <span class='ocrx_word' id='word_1_33' title='bbox 1594 1039 1681 1113; x_wconf 91' lang='lat' dir='ltr'>nihil</span> <span class='ocrx_word' id='word_1_34' title='bbox 1713 1051 1834 1112; x_wconf 89' lang='lat' dir='ltr'>tamen</span> 
     </span>
     <span class='ocr_line' id='line_1_6' title="bbox 276 1144 1838 1243; baseline -0.004 -23"><span class='ocrx_word' id='word_1_35' title='bbox 276 1147 385 1221; x_wconf 91' lang='lat' dir='ltr'>habet</span> <span class='ocrx_word' id='word_1_36' title='bbox 412 1171 483 1242; x_wconf 92' lang='lat' dir='ltr'>quo</span> <span class='ocrx_word' id='word_1_37' title='bbox 511 1146 557 1218; x_wconf 88' lang='lat' dir='ltr'>ad</span> <span class='ocrx_word' id='word_1_38' title='bbox 586 1157 722 1218; x_wconf 84' lang='lat' dir='ltr'>rectam</span> <span class='ocrx_word' id='word_1_39' title='bbox 740 1144 942 1217; x_wconf 80' lang='lat' dir='ltr'>Aristotelis</span> <span class='ocrx_word' id='word_1_40' title='bbox 959 1146 1234 1243; x_wconf 81' lang='lat' dir='ltr'>explicationem</span> <span class='ocrx_word' id='word_1_41' title='bbox 1253 1145 1343 1218; x_wconf 92' lang='lat' dir='ltr'>lucis</span> <span class='ocrx_word' id='word_1_42' title='bbox 1363 1146 1495 1243; x_wconf 89' lang='lat' dir='ltr'>aliquid</span> <span class='ocrx_word' id='word_1_43' title='bbox 1519 1146 1701 1218; x_wconf 84' lang='lat' dir='ltr'>afferatur.</span> <span class='ocrx_word' id='word_1_44' title='bbox 1744 1144 1838 1215; x_wconf 87' lang='lat' dir='ltr'>Nam</span> 
     </span>
     <span class='ocr_line' id='line_1_7' title="bbox 277 1247 1836 1348; baseline -0.003 -26"><span class='ocrx_word' id='word_1_45' title='bbox 277 1252 372 1348; x_wconf 93' lang='lat' dir='ltr'>quod</span> <span class='ocrx_word' id='word_1_46' title='bbox 402 1250 485 1323; x_wconf 91' lang='lat' dir='ltr'>dicit</span> <span class='ocrx_word' id='word_1_47' title='bbox 513 1252 594 1344; x_wconf 80' lang='lat' dir='ltr'>(lb,</span> <span class='ocrx_word' id='word_1_48' title='bbox 625 1251 684 1321; x_wconf 73' lang='lat'>54.</span> <span class='ocrx_word' id='word_1_49' title='bbox 713 1249 757 1322; x_wconf 84' lang='lat' dir='ltr'>cl.</span> <span class='ocrx_word' id='word_1_50' title='bbox 787 1247 846 1338; x_wconf 83' lang='lat'>17,</span> <span class='ocrx_word' id='word_1_51' title='bbox 875 1251 953 1341; x_wconf 81' lang='lat'>63.)</span> <span class='ocrx_word' id='word_1_52' title='bbox 983 1250 1177 1322; x_wconf 89' lang='lat' dir='ltr'>multorom</span> <span class='ocrx_word' id='word_1_53' title='bbox 1205 1274 1294 1346; x_wconf 91' lang='lat' dir='ltr'>opes</span> <span class='ocrx_word' id='word_1_54' title='bbox 1323 1250 1610 1346; x_wconf 89' lang='lat' dir='ltr'>praepotentium</span> <span class='ocrx_word' id='word_1_55' title='bbox 1644 1247 1836 1321; x_wconf 86' lang='lat' dir='ltr'>excludere</span> 
     </span>
     <span class='ocr_line' id='line_1_8' title="bbox 278 1351 1837 1450; baseline -0.003 -22"><span class='ocrx_word' id='word_1_56' title='bbox 278 1354 453 1428; x_wconf 82' lang='lat' dir='ltr'>amicitias</span> <span class='ocrx_word' id='word_1_57' title='bbox 478 1353 618 1446; x_wconf 87' lang='lat' dir='ltr'>fideles,</span> <span class='ocrx_word' id='word_1_58' title='bbox 656 1378 765 1450; x_wconf 90' lang='lat' dir='ltr'>quum</span> <span class='ocrx_word' id='word_1_59' title='bbox 793 1352 935 1425; x_wconf 82' lang='lat' dir='ltr'>fortuna</span> <span class='ocrx_word' id='word_1_60' title='bbox 964 1376 1035 1427; x_wconf 93' lang='lat' dir='ltr'>non</span> <span class='ocrx_word' id='word_1_61' title='bbox 1060 1355 1178 1427; x_wconf 91' lang='lat' dir='ltr'>solum</span> <span class='ocrx_word' id='word_1_62' title='bbox 1207 1378 1315 1427; x_wconf 88' lang='lat' dir='ltr'>caeca</span> <span class='ocrx_word' id='word_1_63' title='bbox 1342 1355 1420 1449; x_wconf 87' lang='lat' dir='ltr'>ipsa</span> <span class='ocrx_word' id='word_1_64' title='bbox 1450 1354 1507 1445; x_wconf 90' lang='lat' dir='ltr'>sit,</span> <span class='ocrx_word' id='word_1_65' title='bbox 1544 1354 1607 1428; x_wconf 92' lang='lat' dir='ltr'>sed</span> <span class='ocrx_word' id='word_1_66' title='bbox 1635 1377 1699 1425; x_wconf 91' lang='lat' dir='ltr'>eos</span> <span class='ocrx_word' id='word_1_67' title='bbox 1728 1351 1837 1424; x_wconf 87' lang='lat' dir='ltr'>etiam</span> 
     </span>
     <span class='ocr_line' id='line_1_9' title="bbox 277 1454 1836 1556; baseline -0.004 -24"><span class='ocrx_word' id='word_1_68' title='bbox 277 1459 489 1556; x_wconf 89' lang='lat' dir='ltr'>plerumque</span> <span class='ocrx_word' id='word_1_69' title='bbox 516 1481 646 1531; x_wconf 89' lang='lat' dir='ltr'>caecos</span> <span class='ocrx_word' id='word_1_70' title='bbox 674 1458 807 1530; x_wconf 87' lang='lat' dir='ltr'>efficiat</span> <span class='ocrx_word' id='word_1_71' title='bbox 835 1480 925 1554; x_wconf 91' lang='lat' dir='ltr'>quos</span> <span class='ocrx_word' id='word_1_72' title='bbox 952 1456 999 1530; x_wconf 91' lang='lat' dir='ltr'>sit</span> <span class='ocrx_word' id='word_1_73' title='bbox 1026 1459 1228 1555; x_wconf 90' lang='lat' dir='ltr'>complexa,</span> <span class='ocrx_word' id='word_1_74' title='bbox 1257 1471 1293 1531; x_wconf 92' lang='lat' dir='ltr'>ut</span> <span class='ocrx_word' id='word_1_75' title='bbox 1319 1459 1397 1531; x_wconf 89' lang='lat' dir='ltr'>sine</span> <span class='ocrx_word' id='word_1_76' title='bbox 1420 1460 1526 1531; x_wconf 91' lang='lat' dir='ltr'>dubio</span> <span class='ocrx_word' id='word_1_77' title='bbox 1545 1482 1671 1529; x_wconf 88' lang='lat' dir='ltr'>verum</span> <span class='ocrx_word' id='word_1_78' title='bbox 1692 1468 1759 1550; x_wconf 90' lang='lat' dir='ltr'>est,</span> <span class='ocrx_word' id='word_1_79' title='bbox 1787 1454 1836 1527; x_wconf 88' lang='lat' dir='ltr'>ita</span> 
     </span>
     <span class='ocr_line' id='line_1_10' title="bbox 277 1558 1837 1659; baseline -0.004 -23"><span class='ocrx_word' id='word_1_80' title='bbox 277 1563 320 1636; x_wconf 91' lang='lat' dir='ltr'>ab</span> <span class='ocrx_word' id='word_1_81' title='bbox 348 1561 551 1636; x_wconf 85' lang='lat' dir='ltr'>Aristotelis</span> <span class='ocrx_word' id='word_1_82' title='bbox 586 1561 781 1635; x_wconf 87' lang='lat' dir='ltr'>subtilitate</span> <span class='ocrx_word' id='word_1_83' title='bbox 814 1572 1006 1657; x_wconf 87' lang='lat' dir='ltr'>remotum,</span> <span class='ocrx_word' id='word_1_84' title='bbox 1046 1563 1104 1658; x_wconf 94' lang='lat' dir='ltr'>qui</span> <span class='ocrx_word' id='word_1_85' title='bbox 1141 1588 1211 1634; x_wconf 90' lang='lat' dir='ltr'>non</span> <span class='ocrx_word' id='word_1_86' title='bbox 1249 1563 1364 1659; x_wconf 89' lang='lat' dir='ltr'>magis</span> <span class='ocrx_word' id='word_1_87' title='bbox 1398 1562 1442 1635; x_wconf 92' lang='lat' dir='ltr'>de</span> <span class='ocrx_word' id='word_1_88' title='bbox 1476 1564 1519 1635; x_wconf 90' lang='lat' dir='ltr'>iis</span> <span class='ocrx_word' id='word_1_89' title='bbox 1553 1562 1660 1635; x_wconf 89' lang='lat' dir='ltr'>rebus</span> <span class='ocrx_word' id='word_1_90' title='bbox 1694 1558 1837 1633; x_wconf 89' lang='lat' dir='ltr'>disserit</span> 
     </span>
     <span class='ocr_line' id='line_1_11' title="bbox 277 1661 1836 1765; baseline -0.002 -27"><span class='ocrx_word' id='word_1_91' title='bbox 277 1667 406 1765; x_wconf 93' lang='lat' dir='ltr'>quibus</span> <span class='ocrx_word' id='word_1_92' title='bbox 436 1665 592 1739; x_wconf 89' lang='lat' dir='ltr'>amicitia</span> <span class='ocrx_word' id='word_1_93' title='bbox 621 1666 847 1763; x_wconf 90' lang='lat' dir='ltr'>impediatur,</span> <span class='ocrx_word' id='word_1_94' title='bbox 884 1690 992 1762; x_wconf 90' lang='lat' dir='ltr'>quam</span> <span class='ocrx_word' id='word_1_95' title='bbox 1020 1666 1064 1738; x_wconf 91' lang='lat' dir='ltr'>de</span> <span class='ocrx_word' id='word_1_96' title='bbox 1092 1666 1354 1740; x_wconf 90' lang='lat' dir='ltr'>conditionibus</span> <span class='ocrx_word' id='word_1_97' title='bbox 1388 1666 1516 1764; x_wconf 93' lang='lat' dir='ltr'>quibus</span> <span class='ocrx_word' id='word_1_98' title='bbox 1548 1664 1704 1738; x_wconf 89' lang='lat' dir='ltr'>amicitia</span> <span class='ocrx_word' id='word_1_99' title='bbox 1738 1661 1836 1737; x_wconf 89' lang='lat' dir='ltr'>nasci</span> 
     </span>
     <span class='ocr_line' id='line_1_12' title="bbox 276 1768 1836 1867; baseline -0.003 -23"><span class='ocrx_word' id='word_1_100' title='bbox 276 1785 314 1845; x_wconf 88' lang='lat' dir='ltr'>et</span> <span class='ocrx_word' id='word_1_101' title='bbox 341 1770 478 1844; x_wconf 90' lang='lat' dir='ltr'>stabilis</span> <span class='ocrx_word' id='word_1_102' title='bbox 507 1794 588 1843; x_wconf 90' lang='lat' dir='ltr'>esse</span> <span class='ocrx_word' id='word_1_103' title='bbox 617 1770 743 1866; x_wconf 78' lang='lat' dir='ltr'>possit,</span> <span class='ocrx_word' id='word_1_104' title='bbox 779 1780 1035 1867; x_wconf 84' lang='lat' dir='ltr'>praeterquam</span> <span class='ocrx_word' id='word_1_105' title='bbox 1070 1772 1165 1866; x_wconf 90' lang='lat' dir='ltr'>quod</span> <span class='ocrx_word' id='word_1_106' title='bbox 1200 1783 1313 1843; x_wconf 90' lang='lat' dir='ltr'>totam</span> <span class='ocrx_word' id='word_1_107' title='bbox 1342 1772 1590 1867; x_wconf 88' lang='lat' dir='ltr'>quaestionem</span> <span class='ocrx_word' id='word_1_108' title='bbox 1619 1769 1750 1842; x_wconf 91' lang='lat' dir='ltr'>linibus</span> <span class='ocrx_word' id='word_1_109' title='bbox 1778 1768 1836 1839; x_wconf 91' lang='lat' dir='ltr'>de·</span> 
     </span>
     <span class='ocr_line' id='line_1_13' title="bbox 276 1873 1836 1973; baseline -0.004 -24"><span class='ocrx_word' id='word_1_110' title='bbox 276 1875 418 1973; x_wconf 91' lang='lat' dir='ltr'>scriptis</span> <span class='ocrx_word' id='word_1_111' title='bbox 447 1873 651 1971; x_wconf 88' lang='lat' dir='ltr'>astringens</span> <span class='ocrx_word' id='word_1_112' title='bbox 679 1899 750 1946; x_wconf 92' lang='lat' dir='ltr'>non</span> <span class='ocrx_word' id='word_1_113' title='bbox 785 1874 829 1945; x_wconf 91' lang='lat' dir='ltr'>de</span> <span class='ocrx_word' id='word_1_114' title='bbox 864 1874 1032 1947; x_wconf 88' lang='lat' dir='ltr'>universa</span> <span class='ocrx_word' id='word_1_115' title='bbox 1067 1874 1266 1971; x_wconf 90' lang='lat' dir='ltr'>potentium</span> <span class='ocrx_word' id='word_1_116' title='bbox 1306 1875 1461 1947; x_wconf 88' lang='lat' dir='ltr'>amicitia</span> <span class='ocrx_word' id='word_1_117' title='bbox 1494 1874 1579 1972; x_wconf 88' lang='lat' dir='ltr'>agit,</span> <span class='ocrx_word' id='word_1_118' title='bbox 1613 1875 1678 1947; x_wconf 90' lang='lat' dir='ltr'>sed</span> <span class='ocrx_word' id='word_1_119' title='bbox 1712 1875 1770 1945; x_wconf 74' lang='lat' dir='ltr'>de,</span> <span class='ocrx_word' id='word_1_120' title='bbox 1792 1896 1836 1944; x_wconf 91' lang='lat' dir='ltr'>ea</span> 
     </span>
     <span class='ocr_line' id='line_1_14' title="bbox 276 1976 1834 2077; baseline -0.002 -26"><span class='ocrx_word' id='word_1_121' title='bbox 276 2004 369 2077; x_wconf 87' lang='lat' dir='ltr'>quae</span> <span class='ocrx_word' id='word_1_122' title='bbox 396 1979 488 2051; x_wconf 91' lang='lat' dir='ltr'>inter</span> <span class='ocrx_word' id='word_1_123' title='bbox 517 1991 699 2076; x_wconf 87' lang='lat' dir='ltr'>potentem</span> <span class='ocrx_word' id='word_1_124' title='bbox 728 1978 845 2050; x_wconf 91' lang='lat' dir='ltr'>virum</span> <span class='ocrx_word' id='word_1_125' title='bbox 873 1979 988 2074; x_wconf 91' lang='lat' dir='ltr'>possit</span> <span class='ocrx_word' id='word_1_126' title='bbox 1015 2003 1095 2051; x_wconf 88' lang='lat' dir='ltr'>esse</span> <span class='ocrx_word' id='word_1_127' title='bbox 1130 1989 1166 2051; x_wconf 91' lang='lat' dir='ltr'>et</span> <span class='ocrx_word' id='word_1_128' title='bbox 1202 1977 1317 2051; x_wconf 89' lang='lat' dir='ltr'>virum</span> <span class='ocrx_word' id='word_1_129' title='bbox 1352 1978 1485 2051; x_wconf 94' lang='lat' dir='ltr'>bonum</span> <span class='ocrx_word' id='word_1_130' title='bbox 1517 2002 1672 2076; x_wconf 91' lang='lat' dir='ltr'>eumque</span> <span class='ocrx_word' id='word_1_131' title='bbox 1707 1976 1834 2073; x_wconf 87' lang='lat' dir='ltr'>opibus</span> 
     </span>
     <span class='ocr_line' id='line_1_15' title="bbox 275 2080 1835 2179; baseline -0.002 -24"><span class='ocrx_word' id='word_1_132' title='bbox 275 2084 493 2156; x_wconf 83' lang='lat' dir='ltr'>inferiorem.</span> <span class='ocrx_word' id='word_1_133' title='bbox 549 2083 659 2155; x_wconf 90' lang='lat' dir='ltr'>Porro</span> <span class='ocrx_word' id='word_1_134' title='bbox 687 2107 780 2179; x_wconf 91' lang='lat' dir='ltr'>quae</span> <span class='ocrx_word' id='word_1_135' title='bbox 809 2082 934 2156; x_wconf 88' lang='lat' dir='ltr'>Cicero</span> <span class='ocrx_word' id='word_1_136' title='bbox 961 2083 995 2154; x_wconf 92' lang='lat' dir='ltr'>in</span> <span class='ocrx_word' id='word_1_137' title='bbox 1025 2084 1153 2155; x_wconf 90' lang='lat' dir='ltr'>eodem</span> <span class='ocrx_word' id='word_1_138' title='bbox 1182 2081 1271 2154; x_wconf 92' lang='lat' dir='ltr'>libro</span> <span class='ocrx_word' id='word_1_139' title='bbox 1299 2086 1395 2179; x_wconf 83' lang='lat' dir='ltr'>(cap.</span> <span class='ocrx_word' id='word_1_140' title='bbox 1430 2086 1492 2174; x_wconf 81' lang='lat' dir='ltr'>lli)</span> <span class='ocrx_word' id='word_1_141' title='bbox 1521 2085 1565 2156; x_wconf 92' lang='lat' dir='ltr'>de</span> <span class='ocrx_word' id='word_1_142' title='bbox 1593 2081 1719 2155; x_wconf 86' lang='lat' dir='ltr'>ofliciis</span> <span class='ocrx_word' id='word_1_143' title='bbox 1748 2080 1835 2153; x_wconf 90' lang='lat' dir='ltr'>ami·</span> 
     </span>
     <span class='ocr_line' id='line_1_16' title="bbox 274 2186 1833 2284; baseline -0.002 -24"><span class='ocrx_word' id='word_1_144' title='bbox 274 2212 398 2261; x_wconf 89' lang='lat' dir='ltr'>corum</span> <span class='ocrx_word' id='word_1_145' title='bbox 435 2187 581 2284; x_wconf 89' lang='lat' dir='ltr'>paribus</span> <span class='ocrx_word' id='word_1_146' title='bbox 614 2188 784 2283; x_wconf 89' lang='lat' dir='ltr'>disputat,</span> <span class='ocrx_word' id='word_1_147' title='bbox 823 2186 1091 2259; x_wconf 91' lang='lat' dir='ltr'>similitudinem</span> <span class='ocrx_word' id='word_1_148' title='bbox 1123 2186 1269 2282; x_wconf 90' lang='lat' dir='ltr'>quidem</span> <span class='ocrx_word' id='word_1_149' title='bbox 1308 2187 1441 2259; x_wconf 89' lang='lat' dir='ltr'>habent</span> <span class='ocrx_word' id='word_1_150' title='bbox 1481 2192 1688 2283; x_wconf 65' lang='lat' dir='ltr'>caerlegion,</span> <span class='ocrx_word' id='word_1_151' title='bbox 1731 2186 1833 2283; x_wconf 87' lang='lat' dir='ltr'>cujus</span> 
     </span>
     <span class='ocr_line' id='line_1_17' title="bbox 274 2290 1830 2386; baseline -0.004 -19"><span class='ocrx_word' id='word_1_152' title='bbox 274 2291 486 2367; x_wconf 88' lang='lat' dir='ltr'>Aristoteles</span> <span class='ocrx_word' id='word_1_153' title='bbox 524 2291 632 2363; x_wconf 91' lang='lat' dir='ltr'>habet</span> <span class='ocrx_word' id='word_1_154' title='bbox 664 2291 861 2385; x_wconf 90' lang='lat' dir='ltr'>rationem,</span> <span class='ocrx_word' id='word_1_155' title='bbox 902 2291 967 2363; x_wconf 90' lang='lat' dir='ltr'>sed</span> <span class='ocrx_word' id='word_1_156' title='bbox 1008 2290 1185 2385; x_wconf 89' lang='lat' dir='ltr'>pertinent</span> <span class='ocrx_word' id='word_1_157' title='bbox 1228 2291 1273 2364; x_wconf 92' lang='lat' dir='ltr'>ad</span> <span class='ocrx_word' id='word_1_158' title='bbox 1319 2291 1495 2363; x_wconf 89' lang='lat' dir='ltr'>amicitias</span> <span class='ocrx_word' id='word_1_159' title='bbox 1535 2290 1615 2362; x_wconf 89' lang='lat' dir='ltr'>illas</span> <span class='ocrx_word' id='word_1_160' title='bbox 1647 2291 1830 2386; x_wconf 81' lang='lat' dir='ltr'>vulgares,</span> 
     </span>
     <span class='ocr_line' id='line_1_18' title="bbox 276 2392 1833 2492; baseline -0.002 -22"><span class='ocrx_word' id='word_1_161' title='bbox 276 2396 454 2470; x_wconf 89' lang='lat' dir='ltr'>commodi</span> <span class='ocrx_word' id='word_1_162' title='bbox 484 2407 519 2467; x_wconf 90' lang='lat' dir='ltr'>et</span> <span class='ocrx_word' id='word_1_163' title='bbox 546 2395 742 2492; x_wconf 84' lang='lat' dir='ltr'>voluptatis</span> <span class='ocrx_word' id='word_1_164' title='bbox 770 2419 879 2468; x_wconf 91' lang='lat' dir='ltr'>cansa</span> <span class='ocrx_word' id='word_1_165' title='bbox 908 2394 954 2465; x_wconf 89' lang='lat' dir='ltr'>ad</span> <span class='ocrx_word' id='word_1_166' title='bbox 981 2405 1124 2491; x_wconf 90' lang='lat' dir='ltr'>tempus</span> <span class='ocrx_word' id='word_1_167' title='bbox 1153 2407 1261 2468; x_wconf 89' lang='lat' dir='ltr'>ortas.</span> <span class='ocrx_word' id='word_1_168' title='bbox 1318 2396 1441 2492; x_wconf 92' lang='lat' dir='ltr'>ltaque</span> <span class='ocrx_word' id='word_1_169' title='bbox 1469 2407 1566 2467; x_wconf 87' lang='lat' dir='ltr'>recte</span> <span class='ocrx_word' id='word_1_170' title='bbox 1585 2393 1710 2466; x_wconf 87' lang='lat' dir='ltr'>Cicero</span> <span class='ocrx_word' id='word_1_171' title='bbox 1733 2392 1833 2467; x_wconf 90' lang='lat' dir='ltr'>addit</span> 
     </span>
     <span class='ocr_line' id='line_1_19' title="bbox 274 2496 1834 2596; baseline -0.001 -24"><span class='ocrx_word' id='word_1_172' title='bbox 274 2500 343 2573; x_wconf 92' lang='lat' dir='ltr'>huc</span> <span class='ocrx_word' id='word_1_173' title='bbox 369 2524 451 2572; x_wconf 89' lang='lat' dir='ltr'>esse</span> <span class='ocrx_word' id='word_1_174' title='bbox 479 2499 584 2572; x_wconf 92' lang='lat' dir='ltr'>nimis</span> <span class='ocrx_word' id='word_1_175' title='bbox 613 2498 742 2596; x_wconf 83' lang='lat' dir='ltr'>exigue</span> <span class='ocrx_word' id='word_1_176' title='bbox 771 2511 804 2571; x_wconf 90' lang='lat' dir='ltr'>et</span> <span class='ocrx_word' id='word_1_177' title='bbox 833 2497 972 2571; x_wconf 89' lang='lat' dir='ltr'>exiliter</span> <span class='ocrx_word' id='word_1_178' title='bbox 999 2498 1045 2570; x_wconf 90' lang='lat' dir='ltr'>ad</span> <span class='ocrx_word' id='word_1_179' title='bbox 1073 2499 1232 2572; x_wconf 89' lang='lat' dir='ltr'>calculos</span> <span class='ocrx_word' id='word_1_180' title='bbox 1254 2523 1387 2572; x_wconf 91' lang='lat' dir='ltr'>vocare</span> <span class='ocrx_word' id='word_1_181' title='bbox 1409 2498 1614 2591; x_wconf 85' lang='lat' dir='ltr'>amicitiam,</span> <span class='ocrx_word' id='word_1_182' title='bbox 1643 2509 1680 2569; x_wconf 91' lang='lat' dir='ltr'>ut</span> <span class='ocrx_word' id='word_1_183' title='bbox 1701 2522 1766 2593; x_wconf 88' lang='lat' dir='ltr'>par</span> <span class='ocrx_word' id='word_1_184' title='bbox 1788 2496 1834 2570; x_wconf 89' lang='lat' dir='ltr'>sit</span> 
     </span>
     <span class='ocr_line' id='line_1_20' title="bbox 273 2600 1832 2700; baseline -0.003 -24"><span class='ocrx_word' id='word_1_185' title='bbox 273 2605 364 2676; x_wconf 92' lang='lat' dir='ltr'>ratio</span> <span class='ocrx_word' id='word_1_186' title='bbox 384 2614 614 2699; x_wconf 90' lang='lat' dir='ltr'>acceptorum</span> <span class='ocrx_word' id='word_1_187' title='bbox 632 2613 668 2675; x_wconf 91' lang='lat' dir='ltr'>et</span> <span class='ocrx_word' id='word_1_188' title='bbox 684 2605 870 2696; x_wconf 79' lang='lat' dir='ltr'>datorum,</span> <span class='ocrx_word' id='word_1_189' title='bbox 897 2613 1004 2698; x_wconf 89' lang='lat' dir='ltr'>atque</span> <span class='ocrx_word' id='word_1_190' title='bbox 1027 2601 1106 2700; x_wconf 93' lang='lat' dir='ltr'>ipse</span> <span class='ocrx_word' id='word_1_191' title='bbox 1129 2602 1341 2676; x_wconf 82' lang='lat' dir='ltr'>Aristoteles</span> <span class='ocrx_word' id='word_1_192' title='bbox 1359 2604 1453 2674; x_wconf 90' lang='lat' dir='ltr'>idem</span> <span class='ocrx_word' id='word_1_193' title='bbox 1485 2601 1627 2697; x_wconf 82' lang='lat' dir='ltr'>angusti</span> <span class='ocrx_word' id='word_1_194' title='bbox 1650 2612 1685 2674; x_wconf 91' lang='lat' dir='ltr'>et</span> <span class='ocrx_word' id='word_1_195' title='bbox 1712 2600 1832 2697; x_wconf 86' lang='lat' dir='ltr'>exigui</span> 
     </span>
     <span class='ocr_line' id='line_1_21' title="bbox 275 2706 1831 2803; baseline -0.002 -22"><span class='ocrx_word' id='word_1_196' title='bbox 275 2708 383 2781; x_wconf 89' lang='lat' dir='ltr'>animi</span> <span class='ocrx_word' id='word_1_197' title='bbox 403 2730 485 2780; x_wconf 89' lang='lat' dir='ltr'>esse</span> <span class='ocrx_word' id='word_1_198' title='bbox 506 2707 594 2781; x_wconf 90' lang='lat' dir='ltr'>satis</span> <span class='ocrx_word' id='word_1_199' title='bbox 611 2706 728 2780; x_wconf 91' lang='lat' dir='ltr'>lucide</span> <span class='ocrx_word' id='word_1_200' title='bbox 753 2708 923 2802; x_wconf 79' lang='lat' dir='ltr'>declarat,</span> <span class='ocrx_word' id='word_1_201' title='bbox 952 2730 1061 2803; x_wconf 91' lang='lat' dir='ltr'>quum</span> <span class='ocrx_word' id='word_1_202' title='bbox 1082 2706 1256 2803; x_wconf 90' lang='lat' dir='ltr'>ejusmodi</span> <span class='ocrx_word' id='word_1_203' title='bbox 1274 2706 1410 2779; x_wconf 88' lang='lat' dir='ltr'>amicos</span> <span class='ocrx_word' id='word_1_204' title='bbox 1430 2708 1482 2780; x_wconf 91' lang='lat' dir='ltr'>sic</span> <span class='ocrx_word' id='word_1_205' title='bbox 1499 2706 1609 2778; x_wconf 88' lang='lat' dir='ltr'>faciat</span> <span class='ocrx_word' id='word_1_206' title='bbox 1628 2706 1831 2802; x_wconf 88' lang='lat' dir='ltr'>loquentes:</span> 
     </span>
     <span class='ocr_line' id='line_1_22' title="bbox 275 2805 1831 2902; baseline -0.001 -25"><span class='ocrx_word' id='word_1_207' title='bbox 275 2818 309 2877; x_wconf 78' lang='grc' dir='ltr'>τί</span> <span class='ocrx_word' id='word_1_208' title='bbox 340 2813 400 2897; x_wconf 78' lang='grc' dir='ltr'>γὰρ</span> <span class='ocrx_word' id='word_1_209' title='bbox 433 2807 550 2896; x_wconf 77' lang='grc' dir='ltr'><strong><em>ὄφελος</em></strong></span> <span class='ocrx_word' id='word_1_210' title='bbox 579 2812 751 2899; x_wconf 79' lang='grc' dir='ltr'><em>σπουδαίῳ</em></span> <span class='ocrx_word' id='word_1_211' title='bbox 784 2808 801 2896; x_wconf 75' lang='grc' dir='ltr'><strong><em>ἢ</em></strong></span> <span class='ocrx_word' id='word_1_212' title='bbox 830 2810 973 2902; x_wconf 75' lang='grc' dir='ltr'><em>δυνάστῃ</em></span> <span class='ocrx_word' id='word_1_213' title='bbox 1001 2811 1100 2895; x_wconf 77' lang='grc' dir='ltr'><em>φίλον</em></span> <span class='ocrx_word' id='word_1_214' title='bbox 1131 2811 1216 2875; x_wconf 79' lang='grc' dir='ltr'><strong><em>εἶναι</em></strong></span> <span class='ocrx_word' id='word_1_215' title='bbox 1247 2815 1354 2896; x_wconf 61' lang='lat' dir='ltr'>pqt‘ldn</span> <span class='ocrx_word' id='word_1_216' title='bbox 1380 2834 1416 2891; x_wconf 77' lang='grc' dir='ltr'>γε</span> <span class='ocrx_word' id='word_1_217' title='bbox 1445 2810 1606 2893; x_wconf 76' lang='grc' dir='ltr'><strong><em>μέλλοντα</em></strong></span> <span class='ocrx_word' id='word_1_218' title='bbox 1628 2805 1831 2886; x_wconf 61' lang='lat' dir='ltr'>(includam</span> 
     </span>
     <span class='ocr_line' id='line_1_23' title="bbox 275 2906 1831 3004; baseline 0.001 -26"><span class='ocrx_word' id='word_1_219' title='bbox 275 2908 426 3000; x_wconf 73' lang='lat' dir='ltr'>(licta</span> <span class='ocrx_word' id='word_1_220' title='bbox 456 2909 534 2999; x_wconf 77' lang='lat' dir='ltr'>ut.)</span> <span class='ocrx_word' id='word_1_221' title='bbox 599 2907 701 2994; x_wconf 80' lang='lat' dir='ltr'>Quae</span> <span class='ocrx_word' id='word_1_222' title='bbox 729 2931 948 3004; x_wconf 89' lang='lat' dir='ltr'>quamquam</span> <span class='ocrx_word' id='word_1_223' title='bbox 977 2907 1022 2978; x_wconf 91' lang='lat' dir='ltr'>ad</span> <span class='ocrx_word' id='word_1_224' title='bbox 1051 2908 1181 2980; x_wconf 78' lang='lat' dir='ltr'>falsam</span> <span class='ocrx_word' id='word_1_225' title='bbox 1214 2906 1354 3004; x_wconf 85' lang='lat' dir='ltr'>Aspasii</span> <span class='ocrx_word' id='word_1_226' title='bbox 1389 2919 1664 3003; x_wconf 88' lang='lat' dir='ltr'>ceterorumque</span> <span class='ocrx_word' id='word_1_227' title='bbox 1695 2907 1831 3002; x_wconf 91' lang='lat' dir='ltr'>opinio-</span> 
     </span>
     <span class='ocr_line' id='line_1_24' title="bbox 274 3011 1832 3107; baseline -0.001 -24"><span class='ocrx_word' id='word_1_228' title='bbox 274 3035 357 3083; x_wconf 89' lang='lat' dir='ltr'>nem</span> <span class='ocrx_word' id='word_1_229' title='bbox 385 3011 612 3084; x_wconf 87' lang='lat' dir='ltr'>refutandam</span> <span class='ocrx_word' id='word_1_230' title='bbox 640 3022 736 3084; x_wconf 89' lang='lat' dir='ltr'>recte</span> <span class='ocrx_word' id='word_1_231' title='bbox 764 3011 925 3085; x_wconf 89' lang='lat' dir='ltr'>adhiberi</span> <span class='ocrx_word' id='word_1_232' title='bbox 954 3023 1117 3107; x_wconf 89' lang='lat' dir='ltr'>possunt,</span> <span class='ocrx_word' id='word_1_233' title='bbox 1146 3023 1266 3090; x_wconf 86' lang='lat' dir='ltr'>tamen</span> <span class='ocrx_word' id='word_1_234' title='bbox 1295 3035 1371 3083; x_wconf 90' lang='lat' dir='ltr'>rem</span> <span class='ocrx_word' id='word_1_235' title='bbox 1400 3011 1515 3107; x_wconf 91' lang='lat' dir='ltr'>ipsam</span> <span class='ocrx_word' id='word_1_236' title='bbox 1543 3035 1613 3082; x_wconf 91' lang='lat' dir='ltr'>non</span> <span class='ocrx_word' id='word_1_237' title='bbox 1640 3012 1832 3107; x_wconf 89' lang='lat' dir='ltr'>explicant.</span> 
     </span>
     <span class='ocr_line' id='line_1_25' title="bbox 273 3114 1831 3212; baseline -0.001 -23"><span class='ocrx_word' id='word_1_238' title='bbox 273 3115 373 3189; x_wconf 91' lang='lat' dir='ltr'>Unus</span> <span class='ocrx_word' id='word_1_239' title='bbox 408 3126 463 3187; x_wconf 90' lang='lat' dir='ltr'>est</span> <span class='ocrx_word' id='word_1_240' title='bbox 499 3116 600 3188; x_wconf 90' lang='lat' dir='ltr'>locus</span> <span class='ocrx_word' id='word_1_241' title='bbox 625 3116 821 3209; x_wconf 87' lang='lat' dir='ltr'>Ciceronis,</span> <span class='ocrx_word' id='word_1_242' title='bbox 860 3115 917 3187; x_wconf 92' lang='lat' dir='ltr'>ubi</span> <span class='ocrx_word' id='word_1_243' title='bbox 951 3116 995 3187; x_wconf 92' lang='lat' dir='ltr'>de</span> <span class='ocrx_word' id='word_1_244' title='bbox 1031 3114 1257 3210; x_wconf 87' lang='lat' dir='ltr'>superiorum</span> <span class='ocrx_word' id='word_1_245' title='bbox 1292 3114 1573 3212; x_wconf 84' lang='lat' dir='ltr'>inferiorumque</span> <span class='ocrx_word' id='word_1_246' title='bbox 1607 3115 1761 3188; x_wconf 90' lang='lat' dir='ltr'>amicitia</span> <span class='ocrx_word' id='word_1_247' title='bbox 1796 3116 1831 3187; x_wconf 92' lang='lat' dir='ltr'>in</span> 
     </span>
     <span class='ocr_line' id='line_1_26' title="bbox 274 3218 1832 3316; baseline 0 -25"><span class='ocrx_word' id='word_1_248' title='bbox 274 3220 402 3291; x_wconf 91' lang='lat' dir='ltr'>eodem</span> <span class='ocrx_word' id='word_1_249' title='bbox 431 3218 522 3291; x_wconf 93' lang='lat' dir='ltr'>libro</span> <span class='ocrx_word' id='word_1_250' title='bbox 549 3244 666 3316; x_wconf 88' lang='lat' dir='ltr'>pauca</span> <span class='ocrx_word' id='word_1_251' title='bbox 696 3219 920 3293; x_wconf 88' lang='lat' dir='ltr'>disseruntur</span> <span class='ocrx_word' id='word_1_252' title='bbox 946 3224 1039 3315; x_wconf 86' lang='lat' dir='ltr'>(cap.</span> <span class='ocrx_word' id='word_1_253' title='bbox 1057 3220 1133 3310; x_wconf 79' lang='lat'>19).</span> <span class='ocrx_word' id='word_1_254' title='bbox 1188 3218 1421 3314; x_wconf 78' lang='lat' dir='ltr'>superiorum</span> <span class='ocrx_word' id='word_1_255' title='bbox 1451 3220 1545 3292; x_wconf 90' lang='lat' dir='ltr'>enim</span> <span class='ocrx_word' id='word_1_256' title='bbox 1575 3219 1623 3292; x_wconf 92' lang='lat' dir='ltr'>ait</span> <span class='ocrx_word' id='word_1_257' title='bbox 1651 3243 1832 3316; x_wconf 85' lang='lat' dir='ltr'>essepro·</span> 
     </span>
     <span class='ocr_line' id='line_1_27' title="bbox 273 3322 1832 3421; baseline 0.003 -26"><span class='ocrx_word' id='word_1_258' title='bbox 273 3323 403 3419; x_wconf 91' lang='lat' dir='ltr'>prium,</span> <span class='ocrx_word' id='word_1_259' title='bbox 432 3322 461 3395; x_wconf 94' lang='lat' dir='ltr'>si</span> <span class='ocrx_word' id='word_1_260' title='bbox 487 3323 630 3420; x_wconf 90' lang='lat' dir='ltr'>quidem</span> <span class='ocrx_word' id='word_1_261' title='bbox 660 3324 733 3396; x_wconf 91' lang='lat' dir='ltr'>veri</span> <span class='ocrx_word' id='word_1_262' title='bbox 762 3324 832 3396; x_wconf 92' lang='lat' dir='ltr'>sint</span> <span class='ocrx_word' id='word_1_263' title='bbox 860 3322 977 3417; x_wconf 90' lang='lat' dir='ltr'>amici,</span> <span class='ocrx_word' id='word_1_264' title='bbox 1007 3334 1044 3395; x_wconf 89' lang='lat' dir='ltr'>ut</span> <span class='ocrx_word' id='word_1_265' title='bbox 1071 3324 1178 3395; x_wconf 89' lang='lat' dir='ltr'>etiam</span> <span class='ocrx_word' id='word_1_266' title='bbox 1207 3347 1270 3395; x_wconf 88' lang='lat' dir='ltr'>eos</span> <span class='ocrx_word' id='word_1_267' title='bbox 1298 3324 1356 3419; x_wconf 90' lang='lat' dir='ltr'>qui</span> <span class='ocrx_word' id='word_1_268' title='bbox 1378 3348 1605 3420; x_wconf 87' lang='lat' dir='ltr'>nequaquam</span> <span class='ocrx_word' id='word_1_269' title='bbox 1629 3347 1735 3421; x_wconf 91' lang='lat' dir='ltr'>pares</span> <span class='ocrx_word' id='word_1_270' title='bbox 1761 3324 1832 3399; x_wconf 92' lang='lat' dir='ltr'>sint</span> 
     </span>
     <span class='ocr_line' id='line_1_28' title="bbox 273 3426 1831 3525; baseline 0.003 -26"><span class='ocrx_word' id='word_1_271' title='bbox 273 3428 393 3500; x_wconf 86' lang='lat' dir='ltr'>colant</span> <span class='ocrx_word' id='word_1_272' title='bbox 419 3426 591 3524; x_wconf 82' lang='lat' dir='ltr'>tanquam</span> <span class='ocrx_word' id='word_1_273' title='bbox 620 3428 836 3522; x_wconf 85' lang='lat' dir='ltr'>superiores,</span> <span class='ocrx_word' id='word_1_274' title='bbox 865 3452 982 3524; x_wconf 89' lang='lat' dir='ltr'>neque</span> <span class='ocrx_word' id='word_1_275' title='bbox 1009 3451 1049 3500; x_wconf 93' lang='lat' dir='ltr'>se</span> <span class='ocrx_word' id='word_1_276' title='bbox 1077 3426 1254 3500; x_wconf 84' lang='lat' dir='ltr'>inferioris</span> <span class='ocrx_word' id='word_1_277' title='bbox 1283 3427 1416 3499; x_wconf 91' lang='lat' dir='ltr'>ordinis</span> <span class='ocrx_word' id='word_1_278' title='bbox 1445 3426 1570 3500; x_wconf 90' lang='lat' dir='ltr'>amicis</span> <span class='ocrx_word' id='word_1_279' title='bbox 1596 3440 1831 3525; x_wconf 86' lang='lat' dir='ltr'>praeponant.</span> 
     </span>
     <span class='ocr_line' id='line_1_29' title="bbox 273 3529 1832 3629; baseline 0.001 -25"><span class='ocrx_word' id='word_1_280' title='bbox 273 3534 318 3604; x_wconf 85' lang='lat' dir='ltr'>At</span> <span class='ocrx_word' id='word_1_281' title='bbox 344 3529 400 3603; x_wconf 92' lang='lat' dir='ltr'>his</span> <span class='ocrx_word' id='word_1_282' title='bbox 429 3529 580 3627; x_wconf 91' lang='lat' dir='ltr'>aliisque</span> <span class='ocrx_word' id='word_1_283' title='bbox 613 3543 778 3604; x_wconf 90' lang='lat' dir='ltr'>naturam</span> <span class='ocrx_word' id='word_1_284' title='bbox 806 3532 924 3629; x_wconf 90' lang='lat' dir='ltr'>potius</span> <span class='ocrx_word' id='word_1_285' title='bbox 960 3530 1138 3604; x_wconf 90' lang='lat' dir='ltr'>amicitiae</span> <span class='ocrx_word' id='word_1_286' title='bbox 1173 3529 1337 3625; x_wconf 90' lang='lat' dir='ltr'>describi,</span> <span class='ocrx_word' id='word_1_287' title='bbox 1374 3556 1482 3627; x_wconf 90' lang='lat' dir='ltr'>quam</span> <span class='ocrx_word' id='word_1_288' title='bbox 1519 3557 1589 3628; x_wconf 89' lang='lat' dir='ltr'>qua</span> <span class='ocrx_word' id='word_1_289' title='bbox 1623 3532 1761 3604; x_wconf 89' lang='lat' dir='ltr'>ratione</span> <span class='ocrx_word' id='word_1_290' title='bbox 1796 3544 1832 3606; x_wconf 88' lang='lat' dir='ltr'>et</span> 
     </span>
     <span class='ocr_line' id='line_1_30' title="bbox 272 3633 1830 3732; baseline 0.001 -26"><span class='ocrx_word' id='word_1_291' title='bbox 272 3633 475 3707; x_wconf 91' lang='lat' dir='ltr'>conditione</span> <span class='ocrx_word' id='word_1_292' title='bbox 503 3637 619 3732; x_wconf 91' lang='lat' dir='ltr'>possit</span> <span class='ocrx_word' id='word_1_293' title='bbox 645 3636 801 3709; x_wconf 89' lang='lat' dir='ltr'>amicitia</span> <span class='ocrx_word' id='word_1_294' title='bbox 829 3636 995 3729; x_wconf 88' lang='lat' dir='ltr'>existere,</span> <span class='ocrx_word' id='word_1_295' title='bbox 1024 3636 1058 3707; x_wconf 92' lang='lat' dir='ltr'>id</span> <span class='ocrx_word' id='word_1_296' title='bbox 1086 3636 1183 3732; x_wconf 92' lang='lat' dir='ltr'>quod</span> <span class='ocrx_word' id='word_1_297' title='bbox 1209 3634 1419 3709; x_wconf 88' lang='lat' dir='ltr'>Aristoteles</span> <span class='ocrx_word' id='word_1_298' title='bbox 1446 3636 1543 3730; x_wconf 87' lang='lat' dir='ltr'>fecit,</span> <span class='ocrx_word' id='word_1_299' title='bbox 1571 3637 1675 3709; x_wconf 84' lang='lat' dir='ltr'>facile</span> <span class='ocrx_word' id='word_1_300' title='bbox 1704 3636 1830 3709; x_wconf 90' lang='lat' dir='ltr'>intelb·</span> 
     </span>
     <span class='ocr_line' id='line_1_31' title="bbox 269 3738 1832 3837; baseline 0.003 -27"><span class='ocrx_word' id='word_1_301' title='bbox 269 3738 374 3836; x_wconf 88' lang='lat' dir='ltr'>gitur.</span> <span class='ocrx_word' id='word_1_302' title='bbox 428 3739 563 3825; x_wconf 81' lang='lat' dir='ltr'>Quodsi</span> <span class='ocrx_word' id='word_1_303' title='bbox 592 3740 890 3837; x_wconf 90' lang='lat' dir='ltr'>philosophorum</span> <span class='ocrx_word' id='word_1_304' title='bbox 920 3739 1090 3812; x_wconf 88' lang='lat' dir='ltr'>auxilinm</span> <span class='ocrx_word' id='word_1_305' title='bbox 1119 3739 1360 3836; x_wconf 89' lang='lat' dir='ltr'>nequidquam</span> <span class='ocrx_word' id='word_1_306' title='bbox 1389 3739 1611 3833; x_wconf 83' lang='lat' dir='ltr'>invocamus,</span> <span class='ocrx_word' id='word_1_307' title='bbox 1640 3739 1684 3814; x_wconf 90' lang='lat' dir='ltr'>ad</span> <span class='ocrx_word' id='word_1_308' title='bbox 1705 3753 1832 3836; x_wconf 88' lang='lat' dir='ltr'>poetas</span> 
     </span>
     <span class='ocr_line' id='line_1_32' title="bbox 268 3842 1831 3942; baseline 0.003 -28"><span class='ocrx_word' id='word_1_309' title='bbox 268 3842 533 3938; x_wconf 86' lang='lat' dir='ltr'>refugiendum,</span> <span class='ocrx_word' id='word_1_310' title='bbox 573 3868 724 3941; x_wconf 92' lang='lat' dir='ltr'>quorum</span> <span class='ocrx_word' id='word_1_311' title='bbox 761 3844 864 3917; x_wconf 92' lang='lat' dir='ltr'>dictis</span> <span class='ocrx_word' id='word_1_312' title='bbox 906 3844 1014 3918; x_wconf 91' lang='lat' dir='ltr'>etiam</span> <span class='ocrx_word' id='word_1_313' title='bbox 1049 3843 1277 3916; x_wconf 81' lang='lat' dir='ltr'>Aristotelem</span> <span class='ocrx_word' id='word_1_314' title='bbox 1316 3844 1468 3917; x_wconf 90' lang='lat' dir='ltr'>libenter</span> <span class='ocrx_word' id='word_1_315' title='bbox 1509 3846 1556 3918; x_wconf 90' lang='lat' dir='ltr'>uti</span> <span class='ocrx_word' id='word_1_316' title='bbox 1600 3856 1722 3917; x_wconf 90' lang='lat' dir='ltr'>notum</span> <span class='ocrx_word' id='word_1_317' title='bbox 1763 3857 1831 3942; x_wconf 90' lang='lat' dir='ltr'>est,</span> 
     </span>
     <span class='ocr_line' id='line_1_33' title="bbox 270 3947 1827 4045; baseline 0.003 -27"><span class='ocrx_word' id='word_1_318' title='bbox 270 3970 467 4042; x_wconf 89' lang='lat' dir='ltr'>eorumque</span> <span class='ocrx_word' id='word_1_319' title='bbox 497 3971 541 4019; x_wconf 89' lang='lat' dir='ltr'>ex</span> <span class='ocrx_word' id='word_1_320' title='bbox 576 3973 724 4021; x_wconf 92' lang='lat' dir='ltr'>numero</span> <span class='ocrx_word' id='word_1_321' title='bbox 758 3949 972 4023; x_wconf 86' lang='lat' dir='ltr'>Schillerum</span> <span class='ocrx_word' id='word_1_322' title='bbox 1001 3959 1163 4021; x_wconf 92' lang='lat' dir='ltr'>nostrum</span> <span class='ocrx_word' id='word_1_323' title='bbox 1191 3959 1320 4019; x_wconf 91' lang='lat' dir='ltr'>testem</span> <span class='ocrx_word' id='word_1_324' title='bbox 1348 3947 1538 4042; x_wconf 88' lang='lat' dir='ltr'>adhibebo,</span> <span class='ocrx_word' id='word_1_325' title='bbox 1573 3949 1632 4045; x_wconf 91' lang='lat' dir='ltr'>qui</span> <span class='ocrx_word' id='word_1_326' title='bbox 1667 3950 1827 4022; x_wconf 90' lang='lat' dir='ltr'>omnium</span> 
     </span>
     <span class='ocr_line' id='line_1_34' title="bbox 270 4049 1826 4150; baseline 0.001 -28"><span class='ocrx_word' id='word_1_327' title='bbox 270 4050 427 4123; x_wconf 88' lang='lat' dir='ltr'>maxime</span> <span class='ocrx_word' id='word_1_328' title='bbox 455 4075 537 4123; x_wconf 91' lang='lat' dir='ltr'>cum</span> <span class='ocrx_word' id='word_1_329' title='bbox 565 4053 706 4150; x_wconf 88' lang='lat' dir='ltr'>poetico</span> <span class='ocrx_word' id='word_1_330' title='bbox 735 4055 863 4125; x_wconf 91' lang='lat' dir='ltr'>ardore</span> <span class='ocrx_word' id='word_1_331' title='bbox 886 4053 1091 4150; x_wconf 92' lang='lat' dir='ltr'>philosophi</span> <span class='ocrx_word' id='word_1_332' title='bbox 1121 4049 1303 4146; x_wconf 90' lang='lat' dir='ltr'>conjunxit</span> <span class='ocrx_word' id='word_1_333' title='bbox 1333 4076 1485 4125; x_wconf 90' lang='lat' dir='ltr'>acumen</span> <span class='ocrx_word' id='word_1_334' title='bbox 1519 4064 1554 4126; x_wconf 89' lang='lat' dir='ltr'>et</span> <span class='ocrx_word' id='word_1_335' title='bbox 1584 4053 1826 4127; x_wconf 90' lang='lat' dir='ltr'>subtilitatem.</span> 
     </span>
     <span class='ocr_line' id='line_1_35' title="bbox 270 4154 1828 4254; baseline 0.003 -28"><span class='ocrx_word' id='word_1_336' title='bbox 270 4154 317 4247; x_wconf 93' lang='lat' dir='ltr'>ls,</span> <span class='ocrx_word' id='word_1_337' title='bbox 351 4155 408 4227; x_wconf 92' lang='lat' dir='ltr'>ubi</span> <span class='ocrx_word' id='word_1_338' title='bbox 437 4155 556 4228; x_wconf 87' lang='lat' dir='ltr'>Caroli</span> <span class='ocrx_word' id='word_1_339' title='bbox 586 4156 755 4252; x_wconf 91' lang='lat' dir='ltr'>principis</span> <span class='ocrx_word' id='word_1_340' title='bbox 785 4156 1034 4252; x_wconf 84' lang='lat' dir='ltr'>Hispaniensis</span> <span class='ocrx_word' id='word_1_341' title='bbox 1062 4169 1098 4229; x_wconf 90' lang='lat' dir='ltr'>et</span> <span class='ocrx_word' id='word_1_342' title='bbox 1129 4154 1293 4228; x_wconf 87' lang='lat' dir='ltr'>Roderici</span> <span class='ocrx_word' id='word_1_343' title='bbox 1322 4155 1451 4254; x_wconf 90' lang='lat' dir='ltr'>equitis</span> <span class='ocrx_word' id='word_1_344' title='bbox 1479 4156 1679 4232; x_wconf 89' lang='lat' dir='ltr'>Melitensis</span> <span class='ocrx_word' id='word_1_345' title='bbox 1707 4158 1828 4231; x_wconf 90' lang='lat' dir='ltr'>amici·</span> 
     </span>
     <span class='ocr_line' id='line_1_36' title="bbox 268 4257 1826 4358; baseline 0.001 -26"><span class='ocrx_word' id='word_1_346' title='bbox 268 4257 354 4332; x_wconf 90' lang='lat' dir='ltr'>tiam</span> <span class='ocrx_word' id='word_1_347' title='bbox 384 4258 541 4351; x_wconf 90' lang='lat' dir='ltr'>exhibet,</span> <span class='ocrx_word' id='word_1_348' title='bbox 578 4285 749 4357; x_wconf 86' lang='lat' dir='ltr'>magnum</span> <span class='ocrx_word' id='word_1_349' title='bbox 778 4262 984 4358; x_wconf 90' lang='lat' dir='ltr'>exemplum</span> <span class='ocrx_word' id='word_1_350' title='bbox 1013 4262 1129 4335; x_wconf 91' lang='lat' dir='ltr'>attulit</span> <span class='ocrx_word' id='word_1_351' title='bbox 1157 4273 1303 4355; x_wconf 88' lang='lat' dir='ltr'>tamque</span> <span class='ocrx_word' id='word_1_352' title='bbox 1336 4282 1416 4332; x_wconf 88' lang='lat' dir='ltr'>cum</span> <span class='ocrx_word' id='word_1_353' title='bbox 1445 4260 1647 4334; x_wconf 86' lang='lat' dir='ltr'>Aristotelis</span> <span class='ocrx_word' id='word_1_354' title='bbox 1680 4262 1738 4334; x_wconf 89' lang='lat' dir='ltr'>illa</span> <span class='ocrx_word' id='word_1_355' title='bbox 1768 4262 1826 4334; x_wconf 94' lang='lat' dir='ltr'>de·</span> 
     </span>
     <span class='ocr_line' id='line_1_37' title="bbox 268 4362 1827 4462; baseline 0.002 -26"><span class='ocrx_word' id='word_1_356' title='bbox 268 4362 461 4460; x_wconf 88' lang='lat' dir='ltr'>scriptione</span> <span class='ocrx_word' id='word_1_357' title='bbox 489 4387 705 4461; x_wconf 85' lang='lat' dir='ltr'>congruens,</span> <span class='ocrx_word' id='word_1_358' title='bbox 734 4376 772 4438; x_wconf 91' lang='lat' dir='ltr'>nt</span> <span class='ocrx_word' id='word_1_359' title='bbox 799 4365 857 4437; x_wconf 88' lang='lat' dir='ltr'>vix</span> <span class='ocrx_word' id='word_1_360' title='bbox 887 4366 999 4461; x_wconf 91' lang='lat' dir='ltr'>possit</span> <span class='ocrx_word' id='word_1_361' title='bbox 1027 4364 1222 4462; x_wconf 87' lang='lat' dir='ltr'>excogitari</span> <span class='ocrx_word' id='word_1_362' title='bbox 1246 4363 1440 4461; x_wconf 87' lang='lat' dir='ltr'>quidquam</span> <span class='ocrx_word' id='word_1_363' title='bbox 1462 4365 1578 4462; x_wconf 87' lang='lat' dir='ltr'>magis</span> <span class='ocrx_word' id='word_1_364' title='bbox 1597 4366 1827 4462; x_wconf 87' lang='lat' dir='ltr'>perspicuum</span> 
     </span>
     <span class='ocr_line' id='line_1_38' title="bbox 266 4468 562 4543; baseline 0.007 -3"><span class='ocrx_word' id='word_1_365' title='bbox 266 4480 302 4540; x_wconf 90' lang='lat' dir='ltr'>et</span> <span class='ocrx_word' id='word_1_366' title='bbox 329 4468 562 4543; x_wconf 91' lang='lat' dir='ltr'>luculentum.</span> 
     </span>
    </p>
   </div>
   <div class='ocr_carea' id='block_1_3' title="bbox 265 4644 1827 4850">
    <p class='ocr_par' dir='ltr' id='par_1_3' title="bbox 265 4644 1827 4850">
     <span class='ocr_line' id='line_1_39' title="bbox 315 4644 1827 4746; baseline 0.003 -28"><span class='ocrx_word' id='word_1_367' title='bbox 315 4650 319 4654; x_wconf 72' lang='grc'><strong>’</strong></span> <span class='ocrx_word' id='word_1_368' title='bbox 416 4644 554 4718; x_wconf 90' lang='lat' dir='ltr'>lnducit</span> <span class='ocrx_word' id='word_1_369' title='bbox 581 4648 676 4720; x_wconf 90' lang='lat' dir='ltr'>enim</span> <span class='ocrx_word' id='word_1_370' title='bbox 703 4659 810 4746; x_wconf 90' lang='lat' dir='ltr'>poeta</span> <span class='ocrx_word' id='word_1_371' title='bbox 839 4647 1023 4721; x_wconf 92' lang='lat' dir='ltr'>hominem</span> <span class='ocrx_word' id='word_1_372' title='bbox 1056 4645 1215 4743; x_wconf 88' lang='lat' dir='ltr'>potentia</span> <span class='ocrx_word' id='word_1_373' title='bbox 1250 4646 1486 4743; x_wconf 88' lang='lat' dir='ltr'>superiorem,</span> <span class='ocrx_word' id='word_1_374' title='bbox 1521 4648 1665 4745; x_wconf 91' lang='lat' dir='ltr'>qualem</span> <span class='ocrx_word' id='word_1_375' title='bbox 1693 4652 1827 4725; x_wconf 80' lang='lat' dir='ltr'>Aristo·</span> 
     </span>
     <span class='ocr_line' id='line_1_40' title="bbox 265 4748 1826 4850; baseline 0.005 -27"><span class='ocrx_word' id='word_1_376' title='bbox 265 4750 357 4823; x_wconf 87' lang='lat' dir='ltr'>teles</span> <span class='ocrx_word' id='word_1_377' title='bbox 375 4748 462 4822; x_wconf 89' lang='lat' dir='ltr'>dixit</span> <span class='ocrx_word' id='word_1_378' title='bbox 486 4750 522 4820; x_wconf 78' lang='grc' dir='ltr'>ἐν</span> <span class='ocrx_word' id='word_1_379' title='bbox 540 4761 609 4827; x_wconf 73' lang='grc' dir='ltr'>ταῖς</span> <span class='ocrx_word' id='word_1_380' title='bbox 631 4753 806 4834; x_wconf 77' lang='grc' dir='ltr'><strong><em>ἐξουσίαις,</em></strong></span> <span class='ocrx_word' id='word_1_381' title='bbox 830 4750 1045 4840; x_wconf 66' lang='grc' dir='ltr'><strong><em>ὑπερέχοντα,</em></strong></span> <span class='ocrx_word' id='word_1_382' title='bbox 1069 4750 1239 4824; x_wconf 90' lang='lat' dir='ltr'>heredem</span> <span class='ocrx_word' id='word_1_383' title='bbox 1260 4752 1361 4847; x_wconf 87' lang='lat' dir='ltr'>regni</span> <span class='ocrx_word' id='word_1_384' title='bbox 1380 4763 1456 4824; x_wconf 90' lang='lat' dir='ltr'>tum</span> <span class='ocrx_word' id='word_1_385' title='bbox 1474 4754 1649 4850; x_wconf 90' lang='lat' dir='ltr'>temporis</span> <span class='ocrx_word' id='word_1_386' title='bbox 1667 4757 1826 4831; x_wconf 89' lang='lat' dir='ltr'>omnium</span> 
     </span>
    </p>
   </div>
   <div class='ocr_carea' id='block_1_4' title="bbox 0 0 2274 5716">
    <p class='ocr_par' dir='ltr' id='par_1_4' title="bbox 0 0 2274 5716">
     <span class='ocr_line' id='line_1_41' title="bbox 0 0 2274 5716; baseline 0 2"><span class='ocrx_word' id='word_1_387' title='bbox 0 0 2274 5716; x_wconf 95' lang='lat' dir='ltr'> </span> 
     </span>
    </p>
   </div>
  </div>
 </body>
</html>
