4540 5716
1066 498 1425 569 ...10-

465 740 548 790 esse
577 720 752 789 bonorum
781 716 912 788 virtute
940 712 1151 806 similium.¹)
1204 716 1257 786 An
1287 716 1399 788 virtus
1419 728 1539 812 potest
1559 718 1717 813 potentia
1743 731 1779 791 11
1798 721 1926 817 opibus
1945 722 2029 815 emi⁷

465 846 577 918 quum
601 846 645 892 ne
673 820 927 918 philosophiae
954 818 1098 915 quidem
1126 817 1280 913 dignitas
1309 821 1423 916 possit
1451 822 1602 917 pecunia
1631 824 1813 895 aestimari
1834 837 1895 897 aut
1915 829 2030 898 honor

465 924 616 997 inveniri
637 949 701 1022 par
719 925 835 997 meriti
845 925 880 997 11
910 922 1115 996 Absurdum
1134 935 1309 1019 11111111,
1327 947 1411 997 eum
1429 925 1489 1022 qui
1507 925 1638 998 virtute
1660 926 1809 999 inferior
1828 929 1886 1022 sit,
1915 943 2031 1002 exter·

423 1038 425 1042 ‘
467 1052 597 1102 norum
630 1031 805 1101 bonorum
841 1026 1026 1101 affluentia
1061 1051 1184 1123 parem
1218 1026 1296 1100 lieri
1331 1030 1425 1101 bono
1460 1040 1568 1126 atque
1603 1031 1749 1128 egregio
1783 1032 1871 1105 viro.
1923 1034 2030 1121 Quod

469 1158 578 1229 quum
604 1133 752 1206 vidisset
771 1131 960 1229 Aspasius,
989 1129 1149 1226 adjunxit
1174 1141 1251 1202 tum
1279 1132 1356 1204 lore
1384 1133 1578 1206 amicitiam
1606 1133 1749 1208 firmam
1777 1150 1813 1209 et
1836 1161 1972 1231 reram7
2001 1138 2030 1209 si

467 1241 521 1309 vir
546 1250 674 1335 potens
693 1263 733 1311 se
761 1236 890 1308 virtute
919 1235 1126 1308 inferiorem
1155 1260 1235 1307 esse
1266 1249 1493 1333 agnosceret,
1521 1240 1792 1339 suspiceretque
1811 1242 1964 1313 altarum
1993 1252 2031 1313 ut

471 1343 695 1437 superiorem
724 1354 759 1413 et
792 1339 922 1413 virtute
956 1350 1210 1435 praestantem.
1271 1339 1368 1413 Bene
1404 1341 1491 1437 hoc3
1528 1367 1611 1414 nam
1649 1345 1797 1417 alterius
1833 1370 2032 1442 agnoscere

469 1446 641 1518 virtutem
668 1457 703 1517 et
732 1444 900 1517 admirari
926 1444 1119 1539 fascesque
1147 1443 1197 1515 illi
1226 1443 1448 1541 submittere,
1477 1472 1588 1542 quum
1619 1450 1830 1546 praesertim
1867 1451 1917 1523 sis
1950 1452 2030 1523 loco

471 1562 507 1623 et
533 1551 694 1648 potentia
721 1549 896 1645 superion
926 1548 960 1620 id
989 1550 1151 1643 profecto
1179 1548 1345 1644 generosi
1365 1561 1421 1621 est
1442 1550 1565 1641 animi,
1594 1576 1660 1623 nec
1679 1553 1823 1625 dubium
1843 1555 1927 1651 quin
1950 1554 2031 1627 talis

472 1652 661 1727 admiratio
678 1654 779 1750 quasi
796 1651 960 1749 genetrix
976 1651 1021 1724 sit
1040 1652 1229 1745 amicitiae7
1258 1664 1295 1724 ut
1315 1652 1527 1748 Dionysium
1545 1655 1701 1752 legimus
1721 1658 2030 1755 Pythagoreorum

471 1757 625 1831 duorum
654 1758 822 1830 virtutem
850 1755 1065 1829 admiratum
1093 1756 1336 1829 exclamasse:
1370 1758 1516 1830 Utinam
1539 1785 1608 1855 ego
1627 1768 1755 1831 tertius
1779 1768 1879 1833 vobis
1897 1769 2033 1833 amicus

471 1865 701 1933 ascriberer!
742 1860 813 1935 Sed
842 1859 1055 1933 Aristoteles
1084 1861 1127 1932 de
1157 1860 1393 1933 admiratione
1411 1885 1458 1932 na
1476 1861 1625 1935 verbum
1648 1864 1791 1959 quidem
1811 1865 1910 1956 dixit,
1939 1865 2035 1961 apud

473 1989 581 2061 quem
610 1965 697 2037 nihil
727 1976 871 2063 praeter
893 1966 1004 2036 haec:
1032 1960 1076 2030 dv
1097 1966 1140 2048 νὴ
1162 1972 1217 2028 καὶ
1238 1961 1338 2056 ἀρετῇ
1360 1958 1569 2050 1111εά111111·
1632 1967 1734 2055 Quae
1762 1969 1840 2043 sive
1867 1970 1911 2041 ad
1940 1970 2034 2065 prin·

473 2069 589 2165 cipem
620 2071 733 2142 111111
762 2069 838 2141 sive
866 2068 911 2140 ad
940 2069 1073 2140 bonum
1102 2067 1231 2161 virum,
1260 2068 1304 2138 de
1332 2091 1371 2139 re
1398 2079 1434 2140 et
1462 2069 1665 2143 conditione
1692 2074 1869 2166 dicuntur⁷
1898 2074 2033 2146 nonde

474 2174 643 2269 opinione
667 2187 703 2247 11
724 2171 854 2271 judicio
874 2197 944 2268 quo
965 2172 1056 2246 alter
1074 2172 1227 2244 alterum
1258 2171 1442 2268 aestimet3
1471 2197 1587 2270 neque
1607 2175 1692 2247 illud
1711 2189 1766 2250 est
1784 2177 2028 2273 interpretari,

472 2278 536 2352 sad
565 2278 637 2350 vim
666 2278 797 2350 afferre
825 2300 982 2373 suasque
1010 2276 1197 2373 opiniones
1225 2274 1401 2373 subjicere
1430 2277 1606 2374 scriptori.

623 2404 725 2490 Quae
753 2426 863 2498 quurn
891 2401 938 2473 ita
968 2401 1051 2495 sint,
1079 2423 1261 2498 quumque
1289 2412 1325 2473 et
1348 2402 1609 2497 grammaticae
1627 2405 1831 2502 praeceptis
1859 2419 1895 2477 et
1912 2430 2032 2476 rerum

475 2534 518 2593 ac
552 2508 811 2580 sententiarum
839 2506 872 2576 vi
910 2505 1050 2601 Aspasii
1085 2505 1287 2600 explicatio,
1326 2530 1434 2602 quam
1471 2505 1589 2579 adhuc
1622 2532 1748 2581 omnes
1781 2512 2037 2606 approbarunt,

474 2613 662 2706 refutetur,
690 2613 883 2683 redeamus
911 2612 957 2681 ad
985 2611 1102 2706 ipsum
1130 2611 1399 2707 philosophum,
1436 2608 1586 2708 eiusque
1620 2612 1735 2686 verbis
1764 2625 1931 2686 accurate
1960 2638 2038 2710 per·

476 2716 597 2813 pensis
631 2715 716 2812 quid
753 2715 837 2787 velit
869 2715 1111 2810 exploremus.
1177 2713 1259 2785 Viro
1293 2714 1401 2810 igitur
1434 2715 1592 2812 potentia
1628 2720 1825 2814 praestanti
1863 2744 1934 2789 non
1971 2716 2038 2789 erit

473 2821 610 2894 amicus
638 2819 692 2891 vir
719 2820 848 2912 bonus
883 2817 948 2890 nisi
978 2818 1086 2891 etiam
1114 2818 1243 2891 virtute
1271 2816 1318 2890 sit
1352 2819 1511 2912 inferior,
1547 2823 1852 2916 quemadmodum
1887 2823 2036 2894 inferior

473 2937 530 2999 est
561 2924 701 3022 opibus,
740 2924 796 2995 vel
828 2922 977 2994 accedat
1012 2946 1161 2996 necesse
1196 2933 1251 2995 est
1290 2922 1334 2993 ad
1370 2922 1508 3018 imperii
1543 2925 1739 3021 potentiam
1776 2911 2037 3104 praestanti?
2102 2940 2119 2989 ‘t

474 3054 617 3126 quoque
650 3028 802 3119 virtutis7
842 3038 880 3099 ut
915 3028 1015 3099 locus
1051 3028 1096 3100 sit
1128 3049 1237 3098 verae
1265 3025 1454 3122 amicitiae,
1491 3051 1572 3123 quae
1600 3029 1666 3102 nisi
1695 3030 1787 3102 inter
1813 3033 1975 3104 bonose
2017 3055 2037 3102 e
2112 3094 2115 3107 .

476 3133 574 3206 nullo
603 3133 710 3205 modo
740 3141 867 3227 potest.
924 3131 1026 3204 Hanc
1053 3128 1258 3229 philosophi
1287 3153 1368 3203 esse
1396 3132 1610 3204 sententiam
1638 3146 1803 3230 apparet,
1831 3135 1860 3207 si
1879 3159 1973 3232 quae
1992 3132 2036 3205 de

476 3236 631 3311 amicitia
660 3260 768 3334 quarn
796 3245 902 3307 vocat
928 3240 1007 3301 καθ’
1028 3231 1193 3324 incaepta
1216 3260 1293 3333 cap.
1320 3234 1400 3308 Vlll
1429 3235 1587 3331 disputat
1617 3248 1890 3334 pertractamus,
1944 3239 2037 3311 Reli·

475 3367 568 3442 quae
596 3341 692 3416 enim
721 3338 900 3414 amicitiae
928 3365 1039 3435 quum
1067 3339 1138 3412 sint
1156 3337 1248 3411 inter
1266 3339 1450 3436 aequales,
1479 3343 1624 3438 propria
1649 3354 1684 3414 et
1702 3341 1894 3439 singularis
1918 3344 2035 3415 forma

475 3461 531 3522 est
554 3471 679 3521 eorum
705 3446 764 3543 qui
792 3457 917 3518 natura
942 3444 1000 3515 vel
1025 3443 1121 3516 vitae
1145 3442 1348 3515 conditione
1367 3443 1525 3540 impares
1546 3457 1642 3537 sunt,
1675 3457 1714 3518 ut
1729 3458 1832 3543 pater
1846 3446 1955 3542 lilius⁷
1982 3448 2038 3519 vir

475 3552 622 3647 femina⁷
641 3552 730 3625 deus
749 3544 901 3640 hornut)
954 3547 1051 3621 luter
1070 3569 1161 3645 quos
1180 3547 1336 3620 amicitia
1357 3559 1475 3643 potest
1494 3550 1607 3622 tribus
1632 3547 1702 3624 illis
1722 3550 1840 3624 causis
1860 3552 1972 3646 nasei,
2000 3561 2038 3624 ut

627 3718 660 3793 Ι)
688 3718 793 3776 1151111
817 3717 845 3776 7.
867 3709 977 3772 τελεία
1000 3708 1028 3770 d
1047 3707 1139 3773 ἐστὶν
1159 3702 1178 3792 h
1198 3711 1264 3773 τῶν
1285 3705 1426 3788 ἀγαθῶν
1448 3710 1544 3793 φιλία
1566 3720 1621 3775 καὶ
1642 3716 1714 3775 κατ’
1735 3708 1854 3798 ἀρετὴν
1876 3708 2008 3796 ὁμοίων.

624 3823 660 3895 2)
687 3821 792 3882 {tota
814 3822 841 3879 1.
866 3813 935 3879 ἔστι
955 3813 983 3876 d'
1000 3807 1019 3898 h
1034 3814 1115 3898 πρὸς
1135 3820 1241 3894 γονεῖς
1262 3814 1358 3898 φιλία
1375 3817 1510 3891 τέκνοις,
1533 3821 1588 3879 καὶ
1611 3810 1806 3901 ἀνθρώποις
1824 3817 1906 3901 πρὸς
1924 3818 2036 3897 θεοὺς,

476 3921 518 3998 ὡς
531 3933 612 4008 πρὸς
624 3919 755 4002 ἀγαθὸν
772 3926 827 3983 καὶ
846 3914 1016 4003 ὑπερέχον.
1055 3927 1123 3982 111111
1146 3929 1214 3982 locis
1237 3928 1352 3982 deorum
1375 3934 1402 3981 11
1424 3926 1566 3981 hominum
1589 3929 1734 3984 amicitiam
1758 3948 1818 3985 esse
1836 3941 1926 3999 negat,
1955 3949 2036 4004 quarn

476 4040 534 4094 tolli
554 4036 593 4092 ait
607 4034 688 4091 nimia
705 4031 844 4105 distantia,
866 4034 941 4087 11111
963 4029 1103 4091 115913.
1127 4019 1256 4109 ἀκριβὴς
1276 4031 1337 4106 μὲν
1359 4018 1418 4090 οὖν
1439 4024 1475 4090 ἒν
1496 4032 1565 4097 τοῖς
1585 4021 1747 4098 τοιόοτοις
1769 4021 1827 4090 οὐκ
1841 4028 1933 4092 ἔστιν
1950 4023 2036 4111 ὅρισ-

474 4137 546 4214 μνός,
568 4139 628 4209 ἕως
647 4141 735 4208 τίνος
757 4131 791 4198 οἱ
806 4135 898 4218 φίλοι
918 4159 926 4175 ·
942 4133 1075 4199 πολλῶν
1094 4129 1154 4219 γοὶρ
1178 4125 1435 4215 ἀφαιρουμένων
1455 4131 1502 4196 ἔτι
1520 4134 1624 4212 μένει,
1646 4130 1733 4194 πολὺ
1752 4130 1785 4194 δὲ
1804 4134 2037 4216 χωρισθέντος,

476 4243 547 4309 οἷον
568 4244 627 4307 τοῦ
656 4242 751 4317 θεοῦ,
781 4232 888 4304 οὐκέτι
911 4289 919 4303 .
942 4236 1098 4303 liberatori
1122 4232 1312 4323 ἀπορεῖται,
1340 4236 1383 4321 μὴ
1416 4240 1491 4300 ποτ’
1519 4231 1557 4302 οὗ
1585 4232 1761 4321 βούλονται
1791 4235 1826 4301 οἱ
1853 4238 1943 4322 φίλοι
1971 4247 2038 4313 τοῖς

404 4333 406 4336 ’
477 4350 585 4435 φίλοις
617 4346 659 4411 τὰ
686 4349 825 4429 μέγιστα
854 4348 920 4411 τῶν
952 4339 1105 4424 ἀγαθῶν,
1140 4343 1211 4409 οἷον
1239 4343 1340 4414 θεοὺς
1368 4342 1455 4406 εἶναι
1477 4366 1485 4381 ·
1508 4337 1583 4407 οὐδὲ
1614 4348 1675 4430 γὰρ
1701 4344 1748 4409 ἔτι
1777 4343 1869 4429 φίλοι
1903 4344 2037 4410 ἔσονται

476 4450 598 4527 αὐτοῖς.
641 4459 671 4514 ln
692 4458 792 4528 quibus
816 4456 980 4512 modestiam
1003 4457 1061 4512 veri
1083 4456 1241 4528 philosophi
1264 4471 1410 4527 agnoscas.
1435 4455 1552 4508 multum
1576 4472 1589 4508 a
1610 4455 1695 4510 Stoici
1718 4456 1837 4512 rhetoris
1860 4459 1989 4530 superbia
2012 4466 2039 4515 11

476 4577 584 4625 tumore
602 4564 809 4627 abhorrentem,
832 4562 909 4631 cujus
931 4562 1087 4631 exemplum
1110 4561 1172 4616 ride
1189 4561 1257 4619 Sen.
1279 4561 1315 4616 de
1333 4559 1440 4631 prorid.
1464 4574 1522 4629 cap.
1545 4555 1570 4614 l.
1611 4559 1712 4621 „luter
1726 4560 1815 4614 bonos
1828 4561 1901 4616 viros
1920 4580 1951 4618 ao
1971 4566 2038 4621 deos

476 4668 593 4726 amicitia
623 4670 665 4719 est
693 4662 857 4719 conciliante
879 4663 987 4717 virtute.
1038 4661 1112 4729 Quid
1136 4660 1224 4718 dicol
1257 4664 1341 4718 immo
1365 4664 1444 4718 etiarn
1468 4662 1633 4728 similitudo,
1656 4663 1786 4733 quoniam
1814 4643 1926 4737 quidem
1950 4668 2039 4723 bonus

477 4784 601 4843 tempore
623 4775 727 4824 tantum
750 4784 764 4819 a
788 4766 841 4820 deo
864 4765 1039 4825 1111111111-
1056 4766 1142 4821 Aliter
1165 4767 1265 4822 Paulus
1287 4765 1321 4821 ad
1345 4766 1424 4823 lloei,
1448 4764 1478 4844 8,
1500 4764 1539 4825 35
1562 4784 1620 4839 sqq,
1644 4766 1693 4834 τίς
1713 4754 1795 4845 ipsit
1812 4767 1945 4848 χωρίσει
1967 4758 2038 4831 ἀπὸ

474 4875 529 4957 τῆς
551 4864 681 4950 ἀγάπης
701 4865 760 4928 τοῦ
784 4864 929 4946 Χριστοῦ
952 4888 979 4927 κ.
1002 4888 1030 4927 τ.
1052 4862 1080 4927 l..
