4540 5716
265 1224 485 1333 Aristoteles
513 1256 549 1329 in
576 1268 704 1329 octavo
725 1254 931 1329 Ethicorum
957 1254 1280 1329 Nicomacheorum
1307 1255 1411 1351 libro,
1440 1267 1631 1355 postquam
1652 1254 1829 1355 principio

265 1360 432 1456 exposuit
467 1386 531 1435 cur
563 1358 608 1434 de
643 1356 799 1434 amicitia
831 1361 903 1457 jam
936 1360 982 1434 sit
1018 1359 1222 1434 accuratius
1255 1358 1521 1458 disputandum,
1557 1361 1828 1458 sententiasque

265 1467 565 1566 philosophorum
608 1463 771 1539 diversas
809 1462 966 1537 breviter
1005 1475 1041 1537 et
1088 1463 1207 1539 attulit
1252 1475 1289 1537 et
1327 1462 1533 1564 dijudicavit
1580 1464 1686 1563 (Cap.
1715 1466 1738 1538 l.
1763 1464 1826 1560 ll),

264 1571 436 1669 deinceps
472 1568 638 1643 amicitiae
680 1567 922 1643 definitionem
967 1578 1004 1641 et
1045 1568 1257 1643 divisionem
1306 1567 1383 1665 ipse
1424 1568 1591 1668 proponit
1634 1568 1740 1667 (Cap.
1761 1566 1825 1663 ll),

262 1676 487 1773 repertisque
506 1670 617 1747 tribus
637 1670 763 1747 formis
784 1685 892 1771 atque
920 1671 1011 1746 inter
1038 1697 1078 1747 se
1106 1673 1246 1746 collatis
1274 1672 1376 1770 (Cap.
1393 1673 1554 1770 Ill-V),
1583 1672 1631 1747 ita
1651 1673 1767 1771 pergit
1787 1682 1826 1745 ut

262 1803 364 1878 capp.
382 1779 430 1852 Vl
457 1789 494 1851 et
521 1777 584 1850 Vll
611 1776 688 1849 iere
715 1778 883 1875 inquirat,
911 1774 1040 1874 quibus
1068 1775 1177 1851 rebus
1205 1775 1361 1850 amicitia
1377 1776 1578 1877 adjuvetur,
1607 1800 1759 1876 quaeque
1778 1775 1825 1851 sit

262 1882 498 1957 amicitiarum
525 1881 585 1954 vel
610 1879 764 1956 facilitas
790 1883 850 1955 vel
877 1880 1070 1955 difficultas
1088 1905 1154 1979 pro
1173 1880 1315 1955 diversa
1332 1878 1521 1954 hominum
1543 1893 1662 1973 aetate,
1691 1881 1823 1977 indole,

261 1987 475 2080 conditione,
513 1997 610 2059 statu
642 1985 705 2058 rel.
776 1985 873 2060 Inter
900 2009 981 2083 quae
1008 1985 1117 2058 etiam
1152 1985 1197 2058 de
1234 1983 1390 2058 amicitia
1424 1990 1631 2083 principum
1659 1998 1694 2055 et
1723 1985 1824 2080 prra-¹

257 2100 455 2187 potentium
483 2113 598 2187 pauca
628 2089 772 2163 concisa
799 2090 860 2164 illa
889 2087 1069 2187 stagiritae
1097 2087 1272 2163 brevitate
1306 2088 1400 2163 diota
1435 2088 1605 2188 leguntur
1637 2113 1671 2184 p.
1692 2084 1820 2161 llossa

261 2192 309 2265 27
329 2218 407 2291 sqq.
462 2192 553 2267 Nam
581 2190 617 2290 ii,
644 2190 771 2290 inquit,
799 2194 859 2291 qui
887 2194 922 2266 in
950 2191 1110 2291 imperiis
1137 2191 1448 2291 potestatibusque
1469 2203 1669 2284 versantur,
1698 2191 1822 2265 amicis

259 2309 406 2371 utuntur
432 2296 603 2393 diversis,
638 2297 697 2371 alii
726 2298 820 2371 enim
849 2296 954 2371 utiles
982 2296 1024 2370 iis
1049 2309 1146 2391 sunt,
1182 2296 1243 2370 alii
1269 2297 1425 2395 jucundi,
1460 2319 1577 2394 neque
1610 2296 1717 2369 iidem
1746 2296 1823 2369 lere
1937 2324 1942 2341 ’

259 2413 295 2476 et
329 2400 474 2497 jucundi
506 2411 542 2474 et
578 2399 693 2476 utiles.
759 2400 945 2477 iucundos
981 2426 1053 2475 non
1088 2401 1136 2475 ita
1176 2413 1340 2499 quaerunt
1374 2412 1412 2474 ut
1445 2412 1610 2499 spectent
1638 2400 1820 2495 virtutem,

259 2526 375 2603 neque
403 2505 510 2579 utiles
539 2514 577 2577 ut
604 2505 649 2578 ad
678 2506 831 2580 honeste
858 2508 955 2580 facta
982 2500 1050 2578 sibi
1078 2504 1212 2578 auxilio
1230 2504 1321 2603 sint,
1350 2505 1413 2580 sed
1433 2505 1573 2603 lepidos
1596 2504 1677 2578 illos
1695 2504 1821 2579 volunt

258 2633 340 2683 esse
368 2621 403 2683 et
432 2609 588 2683 urbanos
616 2609 868 2685 oblectationis
896 2634 1020 2705 causa,
1048 2609 1116 2684 hos
1133 2634 1274 2708 gnavus
1292 2621 1329 2684 et
1346 2622 1515 2684 strenuos
1534 2632 1688 2707 quorum
1710 2632 1820 2705 opera
1880 2637 1935 2676 κ

258 2710 406 2786 consilia
434 2738 499 2788 sua
528 2726 782 2811 exsequantur.
835 2714 911 2789 Neo
938 2715 1015 2787 fere
1042 2713 1083 2787 fit
1109 2725 1147 2787 ot
1175 2714 1209 2786 in
1238 2714 1368 2788 eodem
1395 2713 1472 2786 viro
1492 2724 1683 2810 utrumque
1712 2711 1820 2786 simul

256 2829 430 2891 occurrat.
457 2860 510 2871 —
539 2818 721 2892 Hactenus
748 2818 869 2892 omnia
898 2817 1001 2891 lacile
1029 2816 1284 2915 intelliguntur.
1338 2816 1430 2890 Tum
1449 2841 1535 2890 vero
1560 2816 1728 2914 explicat,
1756 2839 1819 2889 cur

256 2921 465 3016 virbonus,
494 2921 553 3019 qui
580 2946 670 2996 saue
697 2922 793 2996 utilis
821 2935 877 2996 est
904 2922 1071 3020 idemque
1097 2922 1288 3021 jucundus,
1323 2919 1369 2995 ad
1397 2921 1590 2995 amicitiam
1618 2920 1818 3018 potentium

255 3049 294 3099 se
323 3024 487 3099 conferre
514 3025 614 3120 nolit,
649 3026 709 3098 vel
742 3052 811 3125 qua
848 3025 966 3126 potius
1001 3026 1204 3100 conditione
1237 3026 1351 3124 possit
1379 3025 1413 3098 in
1443 3025 1598 3099 amicitia
1626 3049 1708 3098 esse
1735 3046 1817 3097 cum

255 3128 432 3229 principe,
471 3128 530 3227 qui
564 3129 680 3224 locus,
715 3155 934 3228 quamquam
968 3131 1013 3203 ab
1049 3128 1216 3204 omnibus
1255 3129 1525 3228 interpretibus,
1557 3136 1709 3226 excepto
1746 3150 1818 3201 uno

255 3232 445 3331 Giphanio,
473 3232 632 3304 maximo
661 3258 840 3310 consensu
867 3235 902 3306 in
930 3235 1085 3307 eundem
1113 3234 1261 3308 modum
1289 3246 1459 3332 acceptus
1487 3245 1554 3328 est,
1590 3234 1635 3307 ad
1663 3256 1817 3330 quorum

158 3362 162 3369 ·
253 3337 470 3411 sententiam
508 3349 675 3411 auctores
708 3339 768 3435 qui
804 3350 929 3413 nostra
958 3336 1130 3412 memoria
1169 3339 1296 3414 ethicis
1336 3337 1486 3412 edendis
1522 3337 1814 3432 illustrandisque

253 3438 402 3539 operam
421 3439 608 3537 dederunt,
637 3440 784 3538 Zellius,
813 3442 1052 3538 Micheletius,
1080 3442 1309 3539 Fritzschius,
1328 3453 1570 3535 accesserunt,
1601 3454 1813 3516 tamennon

252 3545 301 3619 ita
339 3546 480 3619 videtur
517 3544 674 3643 liquidos
706 3570 788 3621 esse
822 3558 930 3644 atque
964 3547 1166 3645 expeditus,
1204 3558 1242 3620 ut
1283 3571 1366 3620 cum
1405 3546 1654 3644 grammaticae
1692 3543 1814 3618 habita

252 3649 390 3723 ratione
419 3661 496 3723 tum
522 3649 633 3723 totius
660 3650 864 3748 argumenti
891 3652 928 3723 in
955 3651 1102 3748 vulgata
1130 3650 1369 3750 explicatione
1397 3649 1513 3749 possit
1538 3649 1730 3747 acquiesci.

400 3788 493 3862 Sunt
520 3799 640 3861 autem
670 3787 877 3887 philosophi
905 3786 983 3886 ipsa
1011 3789 1122 3861 verba
1150 3790 1228 3863 haec
1256 3790 1438 3885 p.1158a
1466 3789 1516 3862 33
1540 3811 1635 3885 sqq:
1674 3798 1749 3889 ἣᾶὺς
1778 3805 1812 3869 δὲ

251 3908 305 3968 καὶ
325 3899 480 3990 χρήσιμος
503 3902 575 3989 ἅμα
597 3906 722 3993 εἴρηται
745 3901 796 3972 ὅτι
820 3898 837 3971 ὃ
860 3902 1071 3977 σπουδαῖος·
1095 3897 1165 3968 ἀλλ’
1188 3897 1383 3992 ὑπερέχοντι
1409 3899 1448 3971 od
1474 3909 1600 3986 γίνεται
1623 3899 1641 3971 ὃ
1663 3911 1812 3980 τοιοῦτος

251 4005 357 4092 φίλος,
380 3998 422 4071 dv
438 4006 481 4093 pa)
496 4015 552 4072 καὶ
569 4011 609 4101 cp
626 4003 726 4100 ἀρετῇ
742 4000 938 4094 ὖπερέχηται
957 4029 965 4045 ·
982 4005 1014 4069 εἰ
1034 4003 1069 4070 δὲ
1089 4004 1146 4092 μὴ,
1169 4000 1227 4072 οὐκ
1249 4004 1355 4085 ἰσάζει
1371 4001 1537 4088 ἀνάλογον
1553 4000 1810 4095 ὑπερεχόμενος·

250 4100 289 4171 ⁰²²2
310 4104 402 4172 advo
424 4105 598 4174 deracau
617 4113 763 4176 τοιοῦτοι
778 4113 943 4189 γίνεσθαι·
1002 4111 1163 4200 Quorum
1191 4111 1504 4212 investigationem
1534 4110 1586 4188 sic
1613 4114 1810 4216 instrluam,

250 4224 300 4315 ut
317 4213 463 4312 vulgata
491 4215 668 4290 sententia
697 4215 850 4313 primum
878 4217 1003 4314 regula
1031 4218 1291 4316 grammaticae,
1325 4228 1401 4292 tum
1429 4219 1475 4291 ad
1502 4218 1706 4316 philosophi
1738 4224 1814 4296 uni-

250 4341 394 4391 versam
421 4318 466 4391 de
494 4316 652 4394 amicitia
680 4319 879 4394 doctrinam
907 4320 1151 4418 examinetur,
1180 4321 1333 4420 denique
1360 4347 1485 4397 veram
1502 4322 1706 4397 Aristotelis
1732 4350 1814 4401 sen-

249 4420 397 4495 tentiam
431 4447 623 4521 exponam,
660 4423 913 4523 Giphaniique,
946 4423 1012 4497 viri
1047 4424 1257 4523 acutissimi,
1292 4438 1417 4526 partes
1448 4439 1622 4524 quantum
1655 4430 1811 4507 maxime

249 4535 374 4624 potero
402 4527 605 4602 defendam.

398 4664 482 4769 lam
509 4665 605 4763 quod
633 4665 680 4740 ad
707 4666 891 4763 vulgatam
921 4664 1127 4763 opinionem
1155 4667 1293 4763 attinet,
1326 4677 1362 4740 et
1390 4666 1538 4765 longum
1566 4681 1622 4745 est
1649 4672 1808 4745 omnium

246 4766 356 4840 verba
394 4768 665 4864 transscribere,
701 4793 768 4843 nec
802 4770 1059 4864 necessarium,
1102 4796 1214 4868 quum
1250 4771 1392 4869 Aspasii
1426 4773 1545 4847 lucida
1584 4775 1808 4872 expositione
