4540 5716
849 519 1188 590 ..9.-

383 737 486 826 Quod
516 735 545 808 si
575 735 622 808 ita
651 746 705 807 est
732 778 786 787 —
813 733 966 807 vidimus
996 744 1130 827 autem,
1159 731 1389 805 Aristotelem
1417 733 1543 827 secuti,
1577 758 1654 807 rem
1685 735 1731 809 ita
1761 760 1802 810 se

233 843 367 917 babere
395 883 445 894 —
473 852 624 937 apparet
652 865 724 910 non
752 839 797 910 de
825 839 984 935 qualibet
1012 836 1168 910 amicitia
1196 836 1428 933 cogitandum
1456 862 1550 928 esse,
1579 862 1659 934 quae
1680 863 1802 913 rerum

233 945 498 1021 necessitudine
526 942 779 1038 commodique
807 966 915 1016 causa
946 943 1038 1014 inter
1064 952 1229 1037 potentes
1257 942 1354 1012 viros
1377 951 1413 1012 et
1431 942 1545 1015 bonos
1564 943 1707 1036 existat,
1736 945 1800 1018 sed

233 1054 277 1124 de
313 1074 399 1122 vera
433 1049 493 1121 itta
522 1060 557 1120 et
586 1047 757 1145 perchta,
786 1046 887 1142 cujus
919 1046 1111 1142 imaginem
1145 1069 1254 1141 supra
1284 1045 1590 1141 adumbravimus,
1619 1071 1799 1145 quamque

224 1179 354 1232 raram
373 1176 456 1226 esse
474 1150 712 1249 philosophus
733 1149 966 1223 demonstrat.
990 1150 1118 1223 'Pauci
1137 1150 1245 1242 enim,
1274 1149 1397 1246 inquit,
1427 1151 1517 1223 tales
1541 1163 1633 1223 sunt.
1691 1156 1801 1223 'totas

234 1270 354 1332 autem
384 1256 467 1330 dicit
494 1255 705 1351 simpliciter
731 1254 857 1348 bonos,
886 1254 1027 1327 virtutis
1057 1253 1251 1349 studiosos,
1281 1253 1378 1325 nulla
1407 1254 1602 1351 voluptatis
1629 1256 1689 1328 vat
1709 1254 1801 1327 utili·

235 1364 316 1437 tatis
345 1361 564 1459 appetitione
593 1359 788 1455 impulsos3
816 1383 1036 1454 quamquam
1067 1357 1177 1429 virtus
1204 1382 1270 1453 per
1298 1381 1337 1430 se
1365 1381 1435 1429 non
1464 1382 1595 1455 expers
1624 1373 1679 1432 est
1707 1359 1799 1431 utili·

232 1467 315 1541 tatis
343 1478 378 1539 et
407 1464 610 1560 voluptatis.
667 1464 843 1535 Praeterea
871 1462 915 1533 ad
946 1463 1037 1535 tales
1065 1461 1240 1534 amicitias
1260 1461 1505 1535 conciliandas
1524 1474 1687 1558 ternpore
1706 1487 1799 1560 opus

234 1582 289 1645 est
315 1583 351 1644 et
378 1567 646 1641 consuetudine.
703 1567 807 1659 Nam,
837 1579 873 1640 ut
901 1577 956 1640 est
983 1567 1017 1637 in
1047 1565 1249 1663 proverbio,
1279 1590 1350 1637 non
1380 1579 1530 1663 possunt
1553 1566 1645 1639 inter
1663 1589 1703 1640 se
1722 1567 1798 1639 noti

234 1699 327 1768 esse,
356 1673 423 1746 nisi
442 1672 528 1746 satis
552 1694 661 1768 quam
689 1670 810 1743 dicunt
837 1670 977 1766 copiam
1007 1695 1074 1742 una
1104 1671 1256 1764 ederint,
1284 1693 1400 1765 neque
1427 1669 1463 1741 in
1491 1670 1684 1743 amicitiam
1713 1671 1801 1743 reci-

232 1803 318 1876 pere
344 1790 561 1876 quemquam
590 1787 652 1848 aut
676 1774 780 1846 amici
800 1798 894 1866 esse,
924 1775 1132 1871 priusquam
1161 1774 1263 1845 alteri
1293 1774 1384 1846 aiter
1402 1797 1525 1846 amore
1544 1775 1674 1871 dignus
1698 1775 1798 1849 visus

232 1885 278 1957 sit
296 1907 339 1954 ac
357 1875 581 1978 spectatus.¹)
636 1877 773 1966 Quodsi
802 1877 948 1950 omnino
976 1877 1133 1951 amicitia
1163 1902 1248 1950 vera
1273 1901 1356 1949 raro
1380 1877 1558 1951 invenitur
1576 1879 1686 1952 etiam
1705 1878 1798 1952 inter

233 1986 404 2084 aequales,
433 1995 568 2083 quanto
597 1981 777 2055 difficilius
804 1983 871 2055 erit
895 2004 970 2077 eos,
999 1982 1057 2078 qui
1083 1981 1211 2078 opibus
1230 1993 1266 2053 et
1294 1981 1451 2077 potentia
1471 1982 1624 2056 multum
1648 1982 1793 2078 distant,

233 2090 389 2164 amicitia
417 2088 537 2162 stabili
565 2098 600 2159 et
627 2086 766 2160 sincera
796 2086 980 2183 copulari?
1010 2085 1148 2173 Quibus
1177 2085 1364 2182 explicatis
1392 2085 1592 2179 videamus,
1625 2087 1795 2183 quoniam

234 2196 325 2268 ratio
354 2195 449 2291 cogit
468 2205 505 2265 ut
524 2190 701 2263 amicitiae
721 2189 812 2262 fines
831 2190 964 2263 arctius
983 2191 1252 2280 contrabantur,
1281 2212 1367 2261 num
1387 2191 1526 2287 Aspasii
1547 2191 1793 2289 interpretatio

234 2324 316 2372 cum
344 2322 383 2370 re
410 2309 447 2370 et
473 2295 625 2368 veritate
653 2295 865 2377 consentiat.
921 2293 1059 2367 Potenti
1089 2294 1176 2387 viro,
1205 2293 1329 2390 inquit,
1359 2304 1395 2366 et
1420 2296 1547 2390 opibus
1575 2297 1795 2393 praecellenti

233 2404 287 2475 vir
328 2404 443 2474 bonus
484 2424 553 2472 non
596 2399 663 2471 erit
707 2397 855 2472 amicus.
924 2398 1099 2471 Nimirum
1137 2398 1363 2494 inaequalitas
1408 2423 1581 2495 magnum
1629 2400 1795 2474 amicitiae

233 2506 543 2603 impedimentum
576 2514 611 2575 et
639 2502 794 2576 amicitia
829 2502 1021 2599 proverbio
1055 2502 1162 2575 etiam
1196 2502 1384 2599 aequalitas
1412 2499 1602 2596 vocatur.²)
1655 2505 1727 2578 Sed
1764 2492 1815 2594 si

233 2611 381 2708 aequalis
410 2609 477 2682 erit
505 2609 636 2693 factus,
675 2606 850 2703 poteritne
880 2605 1071 2680 virbonus
1099 2606 1269 2703 principis
1304 2606 1339 2678 in
1375 2606 1569 2681 amicitiam
1606 2608 1793 2703 pervenire

233 2727 341 2811 atque
369 2713 522 2787 amicitia
551 2711 709 2808 perfecta
739 2723 775 2784 et
802 2710 920 2784 stabili
949 2734 1031 2783 cum
1050 2735 1093 2784 eo
1113 2710 1305 2808 conjungi?
1335 2710 1407 2784 lsto
1427 2711 1536 2784 modo
1555 2735 1654 2784 vero.
1712 2715 1794 2786 Jam

232 2820 420 2917 aquatius
439 2829 495 2890 est
513 2815 657 2911 duplex,
677 2815 790 2888 altera
810 2814 948 2887 numeri
968 2828 1004 2887 et
1022 2814 1243 2911 quantitatis,
1273 2826 1310 2887 ut
1328 2814 1468 2912 opibus,
1491 2816 1628 2908 ordine,
1647 2842 1794 2915 genere,

233 2924 313 2997 aliis
342 2924 386 2996 ad
416 2922 525 2996 vitam
553 2918 798 3016 spectantibus
818 2919 925 2992 rebus
945 2943 1050 3014 pares
1072 2918 1160 3014 sint,
1188 2918 1300 2992 altera
1322 2919 1574 3015 proportionis,
1602 2946 1671 3017 qna
1692 2920 1795 2995 dissi-

232 3027 393 3101 militudo
423 3026 624 3100 officiorum
652 3035 873 3119 exaequatur,
907 3021 1018 3097 veluti
1053 3023 1260 3122 parentibus
1297 3024 1366 3097 alia
1395 3025 1611 3120 praestanda
1648 3027 1793 3098 suntin

232 3133 378 3226 liberos,
406 3132 476 3204 alia
505 3127 626 3203 liberis
654 3127 689 3199 in
718 3138 899 3225 parentes,
928 3151 971 3199 ac
998 3140 1119 3201 tamen
1148 3128 1238 3200 ratio
1268 3140 1408 3201 constat
1435 3140 1470 3201 et
1498 3129 1649 3225 aequnas
1672 3153 1794 3203 serva·

234 3250 302 3332 tur,
332 3237 472 3332 utrique
500 3233 530 3307 si
558 3231 695 3306 faciunt
721 3256 785 3329 pro
814 3243 990 3329 portione.
1051 3232 1147 3329 Ergo
1174 3231 1261 3304 nibil
1288 3232 1409 3305 obstat
1435 3232 1519 3329 quin
1549 3233 1640 3305 inter
1668 3234 1795 3330 princi·

234 3365 317 3439 pem
346 3352 381 3413 et
407 3340 524 3411 virum
551 3337 684 3410 bonum
713 3335 868 3409 amicitia
890 3335 936 3408 sit
955 3359 1039 3409 vera
1058 3348 1094 3409 et
1113 3335 1248 3429 intima,
1277 3336 1472 3409 dummodo
1493 3336 1677 3413 virbonus
1695 3350 1793 3411 tanto

234 3445 398 3543 superior
425 3444 471 3517 sit
499 3442 640 3533 virtute,
669 3452 803 3537 quanto
832 3439 978 3512 inferior
1005 3453 1059 3515 est
1088 3440 1244 3537 potentia
1273 3453 1308 3513 et
1327 3441 1431 3514 bonis
1448 3441 1618 3533 externis,
1647 3456 1685 3516 ut
1703 3446 1795 3517 ratio

235 3560 375 3624 constet
402 3559 510 3645 atque
538 3569 603 3643 pro
630 3543 796 3642 portione
825 3555 975 3640 uterque
1002 3556 1038 3617 et
1065 3543 1213 3618 inferior
1230 3544 1276 3618 sit
1293 3555 1328 3617 et
1347 3543 1522 3640 superior.
1575 3546 1697 3643 Atqui
1715 3547 1793 3620 fieri

236 3666 356 3752 potest
383 3663 420 3724 ut
439 3651 639 3743 virbonus,
668 3646 770 3745 isque
789 3648 919 3722 virtute
938 3661 1112 3745 quantum
1132 3649 1290 3721 maxime
1308 3649 1501 3746 exceliens,
1530 3649 1565 3722 in
1585 3651 1791 3744 amicitiam,

233 3782 305 3831 non
333 3757 411 3830 dico
440 3757 741 3853 qualemcunque,
776 3752 840 3826 sed
875 3755 1072 3850 pertectam
1107 3753 1205 3825 iilam
1244 3752 1413 3851 principis
1442 3778 1482 3827 se
1511 3754 1688 3849 admittat,
1726 3756 1792 3830 nisi

235 3861 389 3935 eundem
418 3859 556 3933 noverit
583 3856 724 3930 virtutis
742 3880 824 3930 esse
847 3858 1052 3930 amantem?
1087 3858 1287 3931 Perfectum
1306 3857 1401 3930 enim
1422 3858 1615 3932 amicitiam
1639 3859 1792 3935 vidimus

388 4115 422 4195 t),
442 4112 547 4174 11561)
570 4110 619 4170 tt.
643 4109 790 4178 σπανίας
811 4105 839 4168 δ’
865 4104 950 4180 εἰκὸς
971 4107 1030 4180 τὰς
1057 4102 1213 4179 τοιαύτας
1237 4106 1323 4170 ε1ναι
1346 4130 1354 4146 ·
1378 4100 1481 4187 όλίηοι
1505 4107 1567 4194 γὰρ
1588 4107 1792 4179 citocotiam.

231 4211 279 4278 ἔτι
293 4209 327 4274 δὲ
342 4209 539 4293 προσδεῖται
559 4204 679 4293 χρόνου
701 4215 755 4273 καὶ
778 4212 956 4293 συνηθείας
979 4230 986 4247 ·
1009 4208 1092 4274 κατὰ
1113 4209 1172 4296 τὴν
1192 4214 1377 4294 παροιμίαν
1398 4211 1457 4299 γὰρ
1479 4206 1537 4278 οὐκ
1557 4214 1649 4280 ἔστιν
1663 4216 1792 4302 sidium

232 4312 390 4402 ἀλλήλους
411 4322 490 4400 πρὶν
518 4312 593 4388 τοὺς
613 4315 804 4396 λεγομένους
831 4310 914 4390 ἅλας
935 4316 1171 4381 συναναλῶσαι
1193 4340 1213 4357 ..
1225 4310 1294 4382 οὐδ’
1315 4311 1550 4395 ἀποδέξασθαι
1571 4319 1609 4405 δὴ
1630 4317 1793 4411 πρότερον

233 4419 302 4491 οὐδ’
324 4423 410 4487 εἶναι
432 4420 560 4506 φίλους,
581 4427 662 4507 πρὶν
680 4415 723 4485 όν
739 4416 889 4507 ἑκάτερος
904 4418 1043 4509 ἑκατέρη
1056 4425 1145 4515 φανῇ
1161 4419 1295 4507 φίλητός
1313 4417 1360 4489 ὢν
1382 4431 1437 4488 καί
1459 4427 1636 4518 πιστευθῇ.

383 4579 419 4651 2)
445 4578 553 4638 11571)
575 4576 625 4637 ab.
649 4570 776 4651 λέγεται
799 4569 858 4658 γὰρ
880 4569 1055 4659 φιλότης-η
1076 4568 1195 4658 ἰσότης.
1224 4614 1265 4624 -
1300 4580 1403 4640 11681)
1422 4582 1451 4641 6.
1482 4583 1536 4642 καὶ
1558 4575 1597 4641 αλ
1616 4587 1794 4665 παροιμίαι

234 4672 704 4761 όλπᾶσαιὸμογνωμονοῦσιν,
726 4675 799 4742 οἷον
818 4676 857 4743 τὸ
878 4682 953 4760 μία
974 4677 1103 4767 ψυχὴ,
1125 4686 1179 4744 καὶ
1202 4678 1321 4745 κοινὰ
1342 4679 1392 4743 τὰ
1413 4682 1561 4767 φίλων,
1583 4692 1636 4749 καί
1659 4685 1795 4775 ἰσότης

235 4781 432 4874 φιλότης,
454 4789 508 4846 καὶ
529 4776 630 4862 γόνυ
651 4777 804 4867 κνήμης
824 4781 973 4863 ἔγγιον.

1478 4899 1495 4955 9
