4540 5716
852 475 1214 545 ..Π-

250 705 400 791 quartae
427 692 588 765 declarat
615 714 656 765 se
683 688 878 763 amicitiam
908 689 965 762 vel
993 689 1150 763 amicum
1187 688 1394 762 exhibuisse
1433 689 1541 762 animi
1578 692 1815 786 perturbatio·

250 797 353 871 nibus
382 808 583 891 carentem,
619 795 747 893 quibus
783 795 899 868 verbis
928 805 1066 867 tantum
1105 795 1208 867 abest
1243 805 1286 866 ut
1324 793 1502 867 amicitiae
1536 793 1590 867 vis
1621 796 1814 892 minuatur,

250 914 287 974 ut
323 900 431 974 altius
471 900 629 994 tollatur,
674 899 894 996 propiusque
935 898 1085 971 accedat
1121 899 1167 970 ad
1209 920 1291 970 earn
1328 922 1437 994 quam
1476 899 1689 974 Aristoteles
1727 900 1815 973 dixit

248 1013 390 1091 τελείαν,
418 1027 600 1101 quamque
622 1003 747 1076 laudat
765 1015 801 1076 ut
821 1001 1027 1098 suspicione
1046 1013 1080 1073 et
1099 1000 1347 1074 criminatione
1365 1013 1548 1075 carentem
1574 1007 1813 1095 (ἀδιάβλητον).

210 1158 216 1169 ·
248 1111 354 1199 Quod
381 1109 508 1181 viderit
536 1107 698 1204 quisquis
727 1105 880 1178 voluerit
908 1104 1113 1202 philosophi
1143 1104 1188 1177 de
1210 1104 1381 1204 juvenum
1409 1107 1574 1183 amicitiis
1592 1107 1808 1181 sententiam

248 1238 331 1288 curn
369 1212 606 1309 descriptione
641 1211 823 1307 perfectae
856 1208 1037 1282 amicitiae
1065 1231 1302 1304 comparare,
1348 1209 1586 1310 Schillerique
1624 1211 1810 1310 epistolas,

247 1319 389 1391 tertiam
418 1317 498 1390 dico
527 1328 563 1389 et
590 1327 769 1412 quartam,
797 1315 977 1387 evolvere.
1032 1313 1140 1387 Nobis
1168 1311 1257 1386 satis
1292 1313 1359 1385 luit
1393 1338 1436 1388 ea
1471 1340 1684 1415 expromere
1718 1339 1813 1413 quae

247 1423 292 1495 ad
319 1421 570 1494 illustrandam
599 1418 812 1494 Aristotelis·
828 1418 1034 1516 opinionem
1066 1416 1145 1515 usui
1173 1427 1305 1489 essent.

399 1545 595 1620 Revocauti
630 1567 717 1618 vero
753 1542 912 1617 animum
948 1567 968 1615 a
1008 1553 1198 1640 poetarum
1241 1539 1335 1616 fictis
1375 1543 1505 1616 fabulis
1543 1545 1589 1617 ad
1625 1544 1814 1619 historiam

247 1674 380 1743 rerum,
410 1649 658 1746 amicitiasque
686 1647 860 1722 memoria
888 1645 1075 1720 hominum
1103 1647 1303 1721 celebratas
1325 1647 1569 1744 perlustranti,
1597 1648 1632 1721 in
1653 1661 1812 1722 mentem

248 1753 343 1827 venit
370 1754 483 1852 ipsius
511 1752 716 1852 philosophi
745 1775 826 1824 cum
854 1750 1062 1824 Alexandro
1088 1774 1175 1847 rege
1203 1748 1326 1823 intima
1350 1761 1458 1847 atque
1481 1751 1699 1827 amicissima
1727 1778 1812 1827 con·

244 1856 391 1954 junctio,
420 1882 529 1955 quam
556 1878 678 1948 nemo,
706 1857 827 1950 credo,
857 1854 1002 1951 negabit
1028 1852 1247 1927 firmioribus
1271 1853 1383 1927 fuisse
1405 1854 1648 1931 fundamentis
1670 1869 1813 1960 susten·

243 1974 356 2035 tatam
384 1986 494 2060 quarn
523 1959 694 2052 Platonis,
729 1958 884 2053 Pindari,
913 1957 1095 2052 Aeschyli,
1131 1955 1283 2032 aliorum
1313 1980 1394 2029 cum
1423 1960 1584 2053 tyrannis
1617 1973 1810 2036 consuetu·

245 2066 377 2159 dinem,
406 2068 504 2163 quod
530 2087 685 2161 magnus
713 2063 773 2137 ille
800 2086 876 2156 rex,
904 2075 944 2136 ut
963 2061 1134 2158 potentia,
1164 2061 1213 2135 ita
1231 2061 1443 2135 excellentia
1468 2062 1600 2160 ingenii
1626 2065 1808 2164 animique

245 2171 432 2244 altitudine
460 2169 653 2263 eminebat,
688 2189 888 2264 omnesque
915 2165 1037 2263 regias
1066 2165 1214 2240 virtutes
1248 2166 1457 2263 possidebat
1491 2169 1595 2264 quasi
1627 2171 1809 2266 perlectas

244 2286 279 2348 et
306 2275 518 2349 cumulatas.
572 2271 651 2366 Cui,
687 2271 995 2368 quemadmodum
1023 2270 1124 2343 Plato
1153 2269 1293 2343 Socrati
1324 2273 1547 2369 praeceptori
1576 2274 1611 2346 in
1640 2272 1806 2372 dialogis,

243 2379 292 2453 ita
327 2390 541 2477 praeceptor
572 2376 783 2450 Aristoteles
818 2375 955 2473 passim
997 2373 1032 2446 in
1067 2373 1210 2471 scriptis
1246 2387 1524 2447 monumentum
1563 2376 1682 2474 posuit
1722 2403 1807 2452 aere

244 2481 450 2581 perennius,
483 2482 579 2581 quod
609 2481 706 2553 nulla
735 2478 788 2553 vis
817 2490 879 2553 aut
910 2489 1114 2574 temporum
1148 2477 1277 2575 injuria
1311 2478 1527 2576 exstinguet.
1587 2483 1666 2553 Non
1698 2483 1807 2578 enim,

245 2599 285 2660 ut
309 2598 388 2661 erat
417 2586 641 2662 Graecorum
675 2595 803 2656 natura
838 2582 1011 2657 libertatis
1045 2580 1202 2655 maxime
1233 2581 1407 2675 studiosa,
1444 2584 1583 2681 regium
1618 2585 1808 2684 imperium

245 2690 405 2765 omnium
441 2690 615 2790 optimum
650 2684 914 2781 declarasset,¹)
949 2684 1017 2760 nisi
1053 2684 1089 2758 in
1130 2685 1334 2760 Alexandro
1378 2686 1526 2762 vidisset
1560 2714 1669 2763 unum
1707 2691 1808 2765 illurn

245 2795 376 2870 virtute
403 2794 568 2870 omnibus
592 2791 829 2890 superiorem,
867 2792 927 2889 qui
955 2789 1058 2889 quasi
1087 2789 1176 2863 deus
1212 2802 1309 2864 esset
1344 2789 1436 2863 iuter
1469 2791 1647 2889 homines,
1685 2819 1810 2892 quem·

245 2923 327 2997 que,
356 2923 466 2995 quum
492 2898 571 2997 ipse
598 2896 711 2970 instar
738 2896 829 2993 legis
857 2906 969 2992 esset,
996 2892 1163 2967 omnibus
1192 2893 1371 2991 imperare
1398 2896 1570 2994 legesque
1588 2897 1683 2971 ferre
1704 2923 1810 2997 opor·

244 2999 378 3097 teret.¹)
432 3004 559 3078 Solent
585 3001 693 3095 enim,
722 3011 761 3073 ut
787 3000 879 3073 bene
907 3000 1046 3093 Cicero,
1081 2997 1164 3070 boni
1201 2997 1266 3071 viri
1299 2998 1334 3071 in
1362 2998 1519 3073 amicum
1546 3000 1675 3076 intueri
1706 3016 1744 3078 ut
1773 3004 1807 3078 in

246 3107 434 3205 exemplar
468 3106 542 3202 sui,
582 3116 619 3179 et
654 3104 751 3202 apud
784 3104 1015 3178 Aristotelem
1053 3101 1088 3174 in
1128 3101 1305 3198 ejusmodi
1340 3101 1443 3178 dictis
1479 3128 1561 3179 cunr
1601 3108 1808 3204 philosophi

244 3212 423 3308 gravitate
450 3210 554 3284 amici
583 3233 726 3306 quoque
753 3208 914 3281 animum
942 3205 1102 3282 suaviter
1129 3229 1211 3280 esse
1239 3206 1469 3305 conjunctum
1497 3208 1607 3283 etiam
1634 3210 1692 3284 alii
1712 3213 1808 3285 vide·

243 3328 339 3410 runt,
366 3328 405 3388 ut
423 3315 601 3411 Droysen,
629 3311 689 3410 qui
709 3312 787 3410 ipsa
815 3312 876 3387 illa
906 3316 1016 3387 verba
1044 3310 1135 3382 libro
1163 3309 1208 3382 de
1226 3310 1420 3384 Alexandri
1445 3313 1515 3385 vita
1543 3313 1676 3413 scripto
1703 3341 1809 3414 prae·

244 3419 374 3517 posuit.
428 3420 549 3508 Quare
577 3416 715 3514 gratias
745 3416 886 3513 agimus
914 3416 1072 3490 Roberto
1100 3412 1244 3508 Geiero,
1278 3414 1338 3511 qui
1371 3440 1486 3514 nuper
1512 3417 1547 3490 in
1580 3419 1713 3515 libello,
1748 3421 1808 3516 qui

244 3522 448 3596 inscribitur
477 3526 693 3596 Alexander
720 3533 754 3589 ct
784 3523 1013 3601 Aristoteles,
1046 3542 1129 3591 cum
1163 3518 1370 3592 universam
1397 3520 1485 3617 regii
1513 3521 1676 3619 magistri
1704 3524 1809 3598 disci·

243 3625 381 3722 plinam
413 3625 559 3724 copiose
593 3622 771 3718 tractavit,
806 3634 882 3695 tum
915 3621 960 3694 de
987 3620 1142 3695 amicitia
1171 3623 1268 3719 regis
1303 3633 1338 3696 et
1363 3623 1568 3723 philosophi
1606 3626 1654 3700 ita
1691 3628 1811 3726 dispu-

244 3730 346 3824 tavit,
382 3743 421 3805 ut
446 3752 565 3827 neque
596 3729 631 3801 in
660 3726 842 3800 laudando
876 3725 1110 3799 humanitatis
1146 3727 1295 3801 modum
1331 3729 1533 3825 excederet,
1571 3741 1606 3803 et
1641 3757 1661 3804 a
1698 3733 1809 3807 variis

244 3834 450 3910 criminibus
478 3834 513 3906 in
543 3856 627 3905 eum
654 3831 795 3905 collatis
824 3853 947 3928 regem
975 3855 1065 3904 sano
1092 3829 1223 3926 judicio
1249 3830 1458 3907 vindicaret.

391 3965 418 3969 --
469 3960 644 3969 ‚mm—o—

371 4013 405 4085 l)
430 4013 441 4072 1
453 4010 533 4073 tutta
548 4008 659 4092 aopqq.
677 4005 849 4078 πολιτείας
856 4001 978 4069 δ’ἐστὶν
985 4003 1055 4088 el‘dq
1065 4008 1141 4090 τρία
1149 4042 1188 4051 -
1198 4000 1325 4068 τούτων
1337 4002 1370 4068 δὲ
1379 4005 1530 4091 βελτίστη
1542 4013 1604 4089 μὲν
1615 4003 1633 4093 ip
1643 4011 1806 4094 βασιλεία.

368 4117 403 4190 2)
428 4117 506 4181 last
519 4113 580 4197 ³13
602 4135 664 4192 sqq.
693 4111 725 4176 ελ
753 4111 790 4176 δέ
817 4116 867 4185 τίς
892 4109 985 4175 ἐστιν
1012 4107 1058 4181 εἷς
1086 4111 1249 4174 τοσοῦτον
1276 4108 1443 4196 διαφέρων
1472 4113 1544 4174 κατ’
1569 4104 1684 4196 ἀρετῆς
1711 4108 1809 4200 ὓπερ.

244 4217 344 4303 pottp
365 4257 405 4268 -
428 4257 467 4268 -
493 4213 606 4303 ὥσπερ
627 4216 712 4283 θεὸν
732 4215 770 4283 ἐν
790 4211 986 4303 ἀνθρώποις
1007 4212 1092 4287 clads
1113 4213 1201 4278 εἶναι
1223 4214 1282 4280 τὸν
1302 4217 1464 4280 τοιοῦτον.
1494 4255 1534 4265 -
1565 4218 1650 4282 κατὰ
1679 4219 1713 4285 tt
1741 4226 1809 4291 τῶν

242 4317 404 4388 τοιούτων
425 4316 484 4386 οὖν
505 4322 576 4387 ἔστι
597 4319 698 4407 νόμος
720 4347 729 4364 ·
751 4317 847 4387 αὐτοὶ
868 4321 930 4409 γὰρ
952 4321 1018 4386 εἰσὶ
1044 4317 1154 4404 νόμος.
1168 4359 1208 4371 -
1222 4327 1326 4407 libila
1351 4328 1387 4387 lb
1409 4346 1470 4402 sqq.
1493 4318 1577 4388 ὅταν
1597 4318 1657 4390 οὖν
1677 4321 1695 4411 ἢ
1718 4330 1808 4407 γένος

243 4422 322 4500 ὅλον
344 4420 363 4512 ἢ
384 4432 440 4490 καὶ
461 4428 530 4490 τῶν
550 4420 661 4491 ἄλλων
681 4429 742 4494 ἕνα
763 4425 840 4492 τινὰ
860 4427 966 4519 συμβῇ
989 4425 1191 4512 διαφέροντα
1212 4431 1371 4508 γενέσθαι
1399 4432 1470 4493 κατ’
1498 4425 1618 4516 ἀρετὴν
1645 4435 1806 4501 τοσοῦτον

244 4529 332 4598 dco’
351 4526 527 4618 ὑπερέχειν
547 4530 606 4617 τὴν
631 4530 758 4599 ἐκεῖνον
786 4535 841 4619 τῆς
861 4536 929 4599 τῶν
958 4524 1068 4598 ἄλλον
1096 4528 1247 4612 πάντων,
1276 4529 1352 4599 τότε
1380 4534 1510 4602 δίκαιον
1537 4539 1576 4605 τὸ
1603 4542 1694 4619 γένος
1718 4540 1807 4607 εἶναι

242 4642 341 4705 τοῦτο
361 4637 534 4722 βασιλικὸν
556 4645 609 4703 aui
633 4639 746 4723 arripior
767 4634 906 4704 πάντων
926 4646 981 4703 καλ
1002 4637 1143 4722 βασιλέα
1164 4637 1225 4704 τὸν
1245 4641 1305 4704 ἕνα
1326 4642 1454 4707 τοῦτον.

833 4835 892 4841 ,--
908 4823 1194 4856 «ο...-
