4540 5716
838 531 1200 600 ..ῃ-

235 743 367 816 virtute
386 746 443 817 vel
462 745 656 817 commode
676 746 732 818 vel
752 746 937 843 voluptate
955 742 1133 841 conjuncti
1154 744 1234 818 sint.
1290 746 1344 817 De
1361 745 1492 819 virtute
1517 759 1639 820 autem
1659 747 1717 820 hie
1745 748 1804 845 agi

226 847 574 922 demonstravimus.
612 849 724 948 Cujus
738 848 905 923 amicitiae
922 848 1066 944 propria
1083 860 1138 920 est
1156 850 1292 947 paritas
1307 872 1388 946 quae
1405 849 1614 946 diciturpro
1623 857 1804 946 porticae,

233 976 343 1049 quam
364 964 439 1024 tum
459 976 548 1025 voce
566 954 745 1040 daritiam,
763 965 840 1026 tum
858 966 929 1022 κατ’
947 952 1046 1035 ἀξίαν
1059 952 1268 1027 Aristoteles
1288 953 1482 1050 distinguit.
1518 954 1580 1028 Sic
1595 952 1803 1026 1158b‘23:

230 1054 448 1138 ‹irriderer›
477 1058 564 1123 ‹i‘tv
591 1057 716 1133 πόσαις
744 1067 817 1133 ταῖς
845 1060 923 1122 aaa’
949 1050 1114 1143 όιπεροχὴν
1143 1053 1259 1133 οὔσαις
1287 1060 1413 1145 φιλίαις
1440 1069 1494 1125 καῖ
1516 1060 1575 1146 τῆν
1596 1061 1732 1146 φῖλησιν
1752 1060 1808 1125 δεῖ

230 1162 402 1238 γίνεσθαι,
424 1159 496 1226 οἷον
517 1161 576 1226 τὸν
598 1156 723 1244 ἀμείνω
742 1159 870 1244 μᾶλλον
892 1158 1068 1242 φιλεῖσθαι
1092 1153 1110 1243 ἢ
1132 1161 1256 1245 φιλεῖν,
1283 1168 1339 1225 καὶ
1367 1161 1427 1227 τὸν
1452 1157 1717 1249 ὠφελιμώτερον,
1747 1170 1802 1226 aui

231 1262 300 1325 τῶν
321 1255 428 1327 ἄλλων
449 1264 590 1327 ἕκαστον
612 1256 840 1346 ὃμοίως·όταν
861 1258 923 1345 γὰρ
945 1253 1113 1336 κατ’ἇξῖ
1120 1287 1169 1327 αν
1190 1257 1210 1346 i]
1231 1263 1362 1347 φίλησις
1377 1267 1537 1347 γίγνηται,
1559 1254 1635 1329 τότε
1656 1267 1804 1345 γίγνεταί

233 1384 319 1435 πως
340 1358 490 1448 ἰσότης
539 1359 629 1433 ilem
652 1361 787 1434 illila
816 1359 874 1436 18.
892 1360 991 1449 φύσει
1022 1388 1057 1428 τε
1089 1362 1150 1447 γὰρ
1174 1359 1307 1451 ἀρχικὸν
1333 1364 1442 1451 πατὴρ
1463 1362 1545 1430 aruir
1566 1373 1621 1429 καὶ
1641 1362 1800 1449 πρόγονοι

232 1460 375 1543 ἐκγόνων
403 1472 457 1529 καὶ
486 1465 640 1548 puduistis
665 1466 961 1550 βασιλευομένων.
983 1459 1061 1530 ἐνι
1048 1468 1236 1557 οπεροχῇ
1259 1464 1352 1530 di
1320 1468 1358 1528 αι’
1380 1465 1490 1548 φιλίαι
1512 1459 1633 1545 αὗται,
1663 1466 1715 1531 διὸ
1745 1474 1800 1533 καὶ

232 1567 393 1685 erpuinus
416 1565 450 1630 oi
469 1573 585 1645 γονεῖς,
607 1575 662 1632 καῖ
688 1566 726 1632 τὸ
749 1566 878 1631 δίκαιον
893 1565 981 1652 datr
1001 1562 1130 1639 τούτοις
1152 1560 1191 1632 οὗ
1212 1561 1315 1632 vniat
1337 1559 1423 1631 ἀλλὰ
1446 1592 1524 1632 κατ
1533 1553 1695 1647 ’όιξίαν·
1712 1591 1798 1635 οιτω

232 1661 526 1752 γὰρκαῖηφιλῖα.
573 1664 617 1737 Et
636 1664 778 1737 uberius
798 1688 875 1761 cap.
892 1664 966 1737 XV
984 1687 1016 1759 p
1042 1661 1320 1761 llss2a34sqq
1341 1665 1799 1756 τριττῶνδοῖσῶνφιλιῶα,

234 1764 391 1853 καθάπερ
412 1766 448 1834 ἐν
469 1764 552 1861 ἀρχῇ
573 1772 711 1855 εἴρηται,
741 1776 796 1833 καὶ
817 1771 895 1833 καθ’
914 1763 1054 1851 ἑκάστην
1076 1771 1143 1832 τῶν
1165 1775 1224 1845 μὲν
1250 1768 1286 1834 ἐν
1307 1767 1434 1854 ἰσότητι
1457 1772 1563 1855 φίλων
1585 1768 1703 1849 όντων,
1732 1773 1800 1835 ταῖν

235 1867 268 1933 δὲ
291 1874 371 1935 καθ’
392 1864 556 1956 ὑπεροχὴν
655 1870 730 1945 τοὺς
760 1872 851 1943 ἴσοις
879 1874 940 1952 μὲν
968 1869 1040 1930 κατ’
1068 1863 1206 1952 ἰσότητα
1227 1868 1280 1934 δεῖ
1295 1873 1340 1957 τῷ
1362 1876 1473 1958 φιλεῖν
1494 1885 1548 1941 καῖ
1572 1883 1640 1950 τοῖς
1667 1874 1799 1946 λοιποῖς

233 1968 372 2048 ἰσάζειν,
407 1971 482 2045 τοῖς
502 1966 677 2046 δ’ἇνίσοας
697 1975 747 2059 τῷ
769 1966 980 2049 ἇνόλογον
1004 1976 1098 2041 ταῖς
1126 1961 1363 2058 όπεροχαῖς
1394 1971 1669 2045 ἀποδιδόναι.
1716 1976 1797 2049 Jam

233 2078 327 2172 vide,
357 2103 481 2195 quam
491 2080 582 2152 haec
601 2093 684 2178 apta
711 2079 783 2153 sint
811 2078 857 2151 ad
885 2079 1004 2151 lucum
1034 2073 1078 2146 de
1105 2099 1176 2172 quo
1205 2078 1346 2175 agimus
1373 2080 1635 2159 illustrandum.
1682 2088 1798 2161 Pona-

235 2193 293 2254 tur
318 2181 425 2299 igitur
450 2184 503 2254 vir
521 2195 738 2281 praepotens
758 2194 950 2280 potestate⁷
969 2191 1005 2252 et
1025 2178 1117 2252 alius
1136 2182 1196 2254 illo
1211 2181 1415 2267 inferior(t
1386 2188 1674 2276 (οπερεχόμεαος)
1649 2191 1797 2269 tidem

235 2309 320 2358 veru
340 2288 393 2358 vir
410 2288 830 2369 honestusscnozdamc)
887 2287 1013 2359 istum
1035 2283 1179 2357 demum
1200 2288 1395 2364 amicitiam
1414 2287 1583 2406 principis
1604 2296 1798 2389 amplecte·

235 2401 303 2484 tur,
331 2390 373 2484 si,
403 2392 705 2488 quemadmodum
735 2391 862 2487 opibus
891 2403 925 2462 et
954 2386 1113 2485 potentia
1120 2392 1356 2570 superiorem
1381 2395 1487 2487 videt
1517 2394 1685 2471 virtutem
1710 2424 1797 2494 quta

234 2518 304 2590 que
328 2494 422 2567 illius
451 2498 581 2568 ecdem
608 2495 716 2567 niodo
751 2494 881 2591 poterit
907 2493 1134 2589 suspicere(
1136 2490 1310 2580 δαμῆναι
1334 2495 1432 2589 αρετῇ
1455 2492 1676 2583 insectarentur
1732 2503 1796 2576 Est

234 2599 329 2669 enim
358 2598 448 2671 ratio
476 2601 603 2672 similis
633 2611 669 2671 ut
697 2599 891 2670 liberorum
920 2599 965 2669 ad
1001 2607 1181 2693 parentes,
1208 2592 1393 2668 hominurn
1421 2595 1467 2667 ad
1495 2596 1602 2667 deus:
1638 2600 1679 2679 ὡς
1712 2608 1794 2692 πρὸς

234 2699 439 2783 ἀγαθὸνκαὶ
462 2701 631 2791 {mapsam
686 2703 800 2774 Tanto
830 2702 937 2799 igitur
964 2724 1047 2772 eum
1076 2720 1200 2771 amore
1225 2699 1340 2824 [pagis
1370 2712 1622 2825 prpsequetur7
1660 2719 1794 2800 quanto

231 2803 362 2875 virtute
389 2805 625 2878 excellentem
654 2806 794 2879 noverit
820 2831 933 2904 seque
960 2804 1183 2900 superiorem
1212 2798 1793 2901 (ἀνάλογονἆποδώσειαῃῖαεροχῆ

234 2909 279 2980 ci
314 2908 494 2982 trecha.
522 2935 628 3025 quem
658 2913 776 2983 ιοειιιιι
804 2912 913 3008 paulu
948 2922 1031 2981 ante
1059 2903 1325 2995 laudavimus)3
1359 2900 1413 2972 sin
1443 2900 1561 2973 minus
1597 2908 1778 2993 (aldes)
1719 2924 1794 2997 aa),

233 3013 305 3084 hoc
332 3024 398 3106 εει,
428 3013 457 3085 si
487 3016 671 3142 princeps
681 3015 741 3087 ille
771 3015 900 3088 virtute
929 3037 1000 3085 nnn
1020 3012 1186 3101 excellat
1215 3005 1417 3103 exaequatio
1439 3006 1535 3077 nulla
1555 3018 1611 3079 est
1630 3031 1698 3079 nec
1716 3033 1796 3104 pro-

234 3115 350 3213 portio
379 3113 453 3197 (οἷα
475 3116 579 3197 ἰσάζει
603 3116 769 3200 ανάλογαν
790 3114 1057 3204 οπερεχόμωας)
1060 3111 1090 3210 1)
1144 3114 1249 3186 Tales
1269 3123 1390 3182 autern
1410 3110 1794 3187 amicitiasadrnudum

233 3244 313 3293 esse
331 3244 431 3292 raras
461 3244 531 3290 non
559 3220 703 3312 mirum,
732 3244 842 3317 quum
864 3217 974 3290 etiam
996 3219 1201 3317 aequalium
1229 3214 1406 3288 amicitiae
1430 3215 1474 3285 ob
1497 3214 1656 3286 virorum
1682 3218 1793 3290 bonu·

233 3348 311 3396 rum
341 3324 557 3419 paucitatem
586 3326 794 3421 trequentes
822 3348 893 3395 non
922 3324 1004 3415 sint,
1033 3347 1216 3420 quumque
1251 3331 1393 3416 praeter
1417 3342 1558 3390 murum
1595 3320 1794 3397 similitudi-

233 3453 316 3501 nem
352 3426 458 3500 etiam
494 3428 562 3500 alia
599 3429 773 3501 accedere
801 3438 978 3525 operteat,
1013 3439 1051 3501 ut
1083 3425 1238 3501 amicitia
1267 3422 1477 3497 conficiatur
1504 3447 1604 3519 vera,
1642 3425 1792 3520 stabilis,

232 3532 401 3629 perfecta.
454 3531 590 3620 Quodsi
619 3533 764 3604 omnino
792 3531 951 3603 virorum
979 3531 1156 3604 bonorum
1175 3551 1345 3602 numerus
1363 3525 1459 3600 haud
1481 3527 1529 3599 ita
1549 3551 1703 3624 magnus
1723 3544 1791 3622 est,

232 3648 366 3732 quanto
396 3635 512 3709 minor
540 3636 739 3733 potentium
772 3637 831 3734 qui
862 3636 989 3708 virtute
1022 3636 1130 3710 simul
1162 3633 1358 3725 excellant5
1395 3655 1507 3727 quare
1536 3643 1631 3705 recte
1661 3634 1794 3711 Aristo-

232 3740 341 3813 teles:
370 3736 408 3805 uri
431 3738 571 3806 πόνοδ
598 3738 740 3806 εἰώθασι
770 3743 913 3806 τοιοῦτοι
944 3743 1110 3819 γίνεσθαι.
1172 3740 1324 3803 Τοιαῦται
1352 3746 1473 3807 aulem
1502 3748 1594 3829 sunl,
1624 3737 1683 3832 qul
1712 3764 1794 3813 etim

232 3867 374 3919 summa
403 3842 562 3940 potentia
590 3840 809 3939 conjungant
838 3838 1095 3938 praestantiam
1125 3836 1277 3932 virtutis,
1305 3863 1376 3911 nun
1406 3837 1466 3937 qui
1494 3840 1597 3913 fateri
1621 3865 1661 3914 se
1684 3844 1793 3917 velint

383 4051 416 4123 1)
442 4052 553 4107 Frustra
573 4044 739 4105 Fritzsclrius
758 4047 1017 4114 Zelliumvseeutus,
1041 4045 1088 4116 qui
1112 4053 1201 4101 umen
1224 4045 1330 4101 cautius
1346 4045 1479 4118 loquitur,
1503 4064 1561 4103 rem
1582 4049 1669 4121 ipsam
1691 4052 1793 4111 ducere

232 4160 269 4215 ait
290 4158 435 4212 articulum
457 4143 475 4212 ὃ
497 4153 682 4226 adjiciendum
705 4169 766 4208 esse
788 4152 821 4207 ad
845 4138 1095 4228 ὑπερεχόμενος.
1146 4148 1228 4219 Atqui
1252 4150 1324 4204 idem
1353 4151 1435 4221 paulu
1458 4159 1538 4206 ante:
1562 4158 1718 4213 curandum
1742 4166 1791 4231 est,

231 4261 331 4334 inquit,
354 4266 386 4315 ut
408 4266 524 4331 uterque
546 4264 704 4330 irruperat
726 4262 751 4312 et
772 4262 929 4329 superetur.
979 4252 1041 4311 Jam
1064 4253 1125 4327 quis
1152 4259 1195 4308 est
1222 4252 1268 4309 illc
1297 4240 1538 4333 ὑπερεχόμενος
1563 4274 1645 4329 quem
1675 4262 1792 4319 articulo

232 4366 363 4437 distingui
387 4367 454 4432 vuit,
479 4380 563 4436 quum
586 4372 703 4434 uterque
725 4362 761 4417 sit
783 4370 810 4418 et
832 4347 1002 4437 ὑπερέχων
1025 4368 1052 4416 et
1074 4345 1337 4435 ἱιπερεχόμενοςῖ
1365 4359 1488 4414 'lantane
1510 4361 1689 4433 ambiguitate
1703 4348 1794 4422 locu·

232 4479 373 4527 lauressa
401 4467 597 4539 philosophum
627 4467 749 4522 omnium
779 4463 994 4522 acutissimum?
1026 4465 1113 4520 immo
1146 4462 1253 4518 articuli
1279 4465 1356 4520 locus
1389 4469 1429 4518 cst
1460 4465 1561 4520 nullus.
1616 4466 1793 4540 Participium

232 4583 323 4630 aunem
345 4573 399 4628 sim
422 4572 505 4627 habet
525 4586 607 4642 quam
634 4571 810 4641 grammatice
838 4569 956 4625 uicinius
983 4568 1205 4640 praedicativam,
1235 4568 1377 4638 verboque
1406 4558 1533 4637 ῖσόζειν
1563 4571 1658 4626 eadem
1688 4575 1795 4631 ratione

233 4678 391 4748 adjunctam
416 4683 468 4742 cst,
500 4691 553 4746 qua
576 4690 653 4729 more
676 4670 851 4729 Graecarum·
867 4673 917 4727 alia
946 4688 1059 4744 queque
1079 4672 1161 4727 verba
1183 4668 1333 4743 participiis
1356 4672 1488 4742 appositis
1517 4672 1708 4735 terminantur.
1753 4679 1795 4735 Dc

232 4799 286 4853 qua
309 4796 339 4837 rc
363 4781 426 4835 ride
446 4778 532 4834 Curtii
556 4792 670 4847 gramm.
690 4792 785 4855 graec.
801 4776 843 4847 ᾖ.
867 4773 936 4834 590.
960 4776 988 4831 it.
1012 4774 1138 4832 llir‘trncr.
1162 4775 1194 4846 5.
1219 4772 1290 4843 dut,
1315 4773 1377 4829 Vll.
1401 4776 1478 4834 itast.
1502 4778 1532 4849 3.
1550 4775 1618 4851 129,
1636 4797 1660 4835 a.
1682 4781 1749 4839 Nat.
1767 4783 1793 4843 l.

1353 4885 1386 4938 Ψ
